3107 5054
808 540 1197 589 FLoRssNTn
1254 538 1816 590 wieoRNmNsis.
2175 528 2264 593 23

352 703 537 760 terat
574 696 1161 773 Normannorum,
1206 697 1330 760 sed
1391 704 1620 760 tamen
1667 700 1968 763 maxime
1995 699 2263 780 Anglo-

353 814 534 871 rum,
565 798 868 878 equestri
890 804 959 860 et
990 796 1312 878 pedestri,
1339 797 1501 861 licet
1536 797 1888 874 mediocri,
1917 798 2258 875 exercitu,

350 902 671 959 statuens
699 889 917 977 legeS,
947 896 1355 976 promittens
1387 895 1774 960 fautoribus
1795 900 2029 961 omnia
2052 899 2260 974 bona,

354 990 575 1057 fretus
608 995 744 1059 Dei
772 994 1164 1070 clementia,
1206 1013 1347 1076 qua
1390 994 1724 1077 maJorem
1769 996 2072 1060 hostium
2107 1016 2260 1060 esse

353 1092 680 1157 audiebat
728 1093 1258 1170 multitudinem,
1298 1093 1584 1157 tendere
1632 1094 1974 1176 disposuit
2024 1095 2260 1159 Bove-

354 1199 717 1256 ceastram.
823 1192 1153 1256 Relatum
1201 1193 1384 1256 enim
1438 1201 1589 1258 erat
1635 1194 1722 1269 ei,
1769 1194 1863 1257 ibi
1914 1212 2068 1257 esse
2113 1196 2260 1275 epi·

352 1308 639 1371 scopum
686 1290 999 1355 Odonem
1040 1310 1198 1355 cum
1244 1292 1564 1355 omnibus
1593 1293 1766 1369 suis,
1798 1300 1868 1356 et
1902 1293 2258 1357 cohortem

352 1388 900 1453 ultramarinam.
993 1389 1183 1453 Hinc
1226 1390 1428 1471 signa
1467 1410 1781 1467 movens,
1813 1400 2262 1473 coeptumque

353 1489 765 1568 aggrediens
798 1488 969 1565 iter,
984 1485 1566 1569 Tunebrycgiam‚
1595 1490 1711 1553 cui
1739 1500 2035 1573 praeerat
2067 1490 2262 1554 Gile-

353 1588 595 1651 bertus
654 1588 839 1651 filius
910 1586 1221 1663 Ricardi,
1270 1589 1692 1653 contrarium
1751 1589 1884 1653 sibi
1948 1591 2254 1654 invenit:

352 1686 648 1762 obsedit,
702 1687 792 1749 in·
820 1685 1031 1750 biduo
1078 1688 1537 1769 expugnavit,
1581 1687 2020 1751 vulneratum
2067 1688 2261 1751 Gile-

350 1786 623 1848 bertum
650 1804 807 1849 cum
838 1784 1128 1849 castello
1152 1784 1239 1848 ad
1272 1784 1690 1849 deditionem
1715 1787 1966 1867 coegit.
2039 1787 2260 1851 Fama

353 1883 599 1947 volans
650 1884 819 1947 dicti
870 1885 1189 1965 pervenit
1240 1884 1505 1948 Odonis
1557 1885 1646 1948 ad
1693 1904 1921 1961 aureS,
1971 1892 2043 1949 et
2099 1904 2257 1949 cum

351 1982 559 2045 sociis
604 1982 793 2057 ¹inito
850 1982 1161 2059 consilio,
1226 1982 1622 2064 relinquens
1686 1983 2258 2061 Roveceastram,

351 2098 510 2142 cum
568 2082 811 2162 paucis
870 2081 1043 2144 adiit
1100 2087 1403 2144 castrum
1464 2080 1704 2144 fratris
1768 2082 1877 2145 sui
1935 2082 2260 2147 Rotberti

354 2177 859 2243 Moritunensis
920 2180 1215 2256 comiti8‚
1278 2177 1461 2261 quod
1530 2179 1932 2243 Pevenesea
1984 2180 2257 2258 dicitur,

352 2277 775 2360 fratremque
808 2278 1181 2361 reperiens,
1212 2296 1371 2341 eum
1406 2283 1487 2341 ut
1530 2294 1610 2340 se
1651 2284 1886 2341 teneat
1915 2278 2260 2355 hortatur,

354 2375 691 2457 pollicens
724 2396 800 2440 se
832 2393 1115 2441 securos
1148 2376 1245 2440 ibi
1276 2394 1483 2458 posse
1514 2394 1690 2451 esse,
1721 2382 1793 2439 et
1819 2376 1986 2439 dum
2017 2396 2140 2441 rex
2171 2378 2257 2441 ad

351 2476 889 2558 expugnandam
942 2475 1502 2541 -Roveceastram
1575 2474 1990 2552 intenderet,
2047 2478 2260 2541 comi-

351 2582 493 2638 tem
540 2575 991 2639 Normanniae
1024 2593 1181 2638 cum
1230 2594 1485 2655 magno
1520 2576 1833 2639 exercitu
1869 2583 2260 2653 venturum,

353 2692 567 2755 seque
612 2693 915 2756 suosque
959 2675 1431 2750 liberaturum,
1477 2681 1547 2738 et
1591 2693 1847 2754 magna
1873 2675 2260 2740 fautoribus

354 2773 503 2835 suis
552 2773 782 2837 dando
824 2774 1133 2855 praemia,
1184 2791 1473 2853 regnum
1518 2779 1989 2853 accepturum.
2096 2774 2259 2838 Rex

350 2871 589 2952 igitur,
621 2881 1031 2954 expugnata
1054 2871 1571 2954 Tunebrycgia,
1593 2879 1662 2935 et
1693 2873 1781 2934 ab
1809 2871 2054 2936 incolis
2090 2872 2259 2936 fide-

351 2968 551 3034 litate
594 2978 904 3053 accepta,
954 2967 1199 3034 relicto
1248 2976 1534 3052 propter
1567 2971 1820 3035 vulnus
1873 2969 2260 3048 Gileberto,

351 3076 421 3132 et
472 3070 763 3134 castello
796 3071 867 3132 in
904 3068 1222 3134 custodia
1271 3069 1527 3146 locato,
1555 3069 1780 3133 iturus
1823 3077 1902 3132 ut
1937 3069 2257 3152 disposu-

350 3174 504 3232 erat
558 3167 1127 3244 Roveceastram‚
1159 3167 1428 3231 audivit
1472 3175 1799 3249 patruum
1843 3168 2002 3231 inde
2029 3187 2257 3232 reces-

350 3268 529 3330 sisse
572 3274 645 3332 et
691 3268 1090 3332 Pevenesea
1126 3266 1397 3330 adiisse.
1492 3266 1686 3330 Inito
1727 3266 1964 3347 itaque
1999 3267 2261 3329 salubri

352 3365 669 3443 consilio,
686 3365 884 3430 illum
914 3386 997 3430 eo
1026 3384 1248 3447 usque
1269 3383 1424 3428 cum
1459 3365 1774 3428 exercitu
1796 3365 2260 3446 persequitur,

350 3483 643 3546 sperans
676 3484 755 3530 se
786 3465 951 3529 belli
988 3465 1191 3528 citius
1223 3464 1427 3527 finem
1462 3469 1969 3540 assecuturum,
2003 3463 2064 3526 si
2101 3471 2262 3527 ante

351 3563 781 3645 triumphare
828 3571 1066 3646 posset
1103 3563 1193 3626 de
1239 3563 1668 3646 principibus
1716 3563 2057 3626 malorum
2086 3583 2262 3645 prae-

351 3662 715 3726 dictorum.
818 3661 1209 3738 Accelerat,
1255 3661 1611 3725 machinas
1657 3669 1887 3743 parat,
1935 3669 2259 3744 patruum

350 3767 726 3843 utrumque
777 3761 1084 3826 obsidet:
1129 3761 1327 3824 locus
1378 3767 1529 3830 erat
1577 3761 2124 3824 munitissimus:
2173 3761 2260 3823 ad

353 3862 945 3942 expugnationem
986 3859 1209 3923 indies
1252 3859 1548 3923 laborat.
1643 3857 1934 3922 Interim
1969 3859 2260 3921 circum-

355 3978 633 4041 quaque
700 3979 825 4041 per
882 3958 1214 4040 Aug-liam
1264 3965 1646 4039 tempestas
1704 3957 1908 4020 saevit
1964 3956 2259 4020 bellica:

357 4057 743 4122 Hrofenses
812 4057 1451 4122 Cantwariensibus
1526 4063 1598 4121 et
1661 4054 2264 4121 Lundoniensibus

355 4157 581 4221 caedes
639 4157 948 4222 inferunt
1001 4165 1074 4220 et
1116 4156 1476 4229 incendia;
1545 4153 2026 4218 Landfrancus
2081 4156 2258 4218 enim

356 4256 942 4339 archiepiscopuS,
979 4263 1050 4320 et
1081 4275 1257 4337 pene
1281 4273 1519 4318 omnes
1548 4254 1920 4336 optimates
1951 4252 2264 4336 ejusdem
