3107 5054
874 446 1009 513 210
1376 463 1876 514 corrrmua'rio
1921 464 2274 513 cimorum
2301 468 2308 477 ·

554 635 719 686 mmu-
698 636 810 676 ·t1··
878 620 1154 699 lenden,
1186 621 1457 687 electus
1492 621 2045 698 (lumniensis,
2093 623 2164 687 in
2217 620 2414 686 curia
2461 620 2796 685 Romana

550 685 755 838 ωνξΐ
869 740 1007 804 ,pro
1056 722 1389 789 beneficio
1431 722 1974 788 confirmationis
2005 741 2154 787 suoe
2203 721 2577 787 obtinendo
2615 740 2790 785 con-

877 823 1193 899 stitutus,
1240 822 1798 888 animadvertens
1845 842 1944 899 se,
1988 829 2272 904 propter
2317 821 2606 885 aemulos
2647 821 2786 884 sibi

880 918 1322 987 vehementer
1344 923 1712 1000 infestos,
1691 943 1766 987 in
1797 922 2080 1004 negotio
2107 940 2237 987 suo
2265 920 2542 985 minime
2571 920 2791 1003 profi-

882 1040 1061 1100 cere,
1104 1022 1314 1087 immo
1346 1022 1409 1086 si
1452 1030 1696 1100 staret,
1731 1022 1914 1106 quod
1960 1022 2034 1087 in
2081 1021 2378 1085 nominis
2427 1020 2542 1085 sui
2585 1040 2788 1085 vere-

879 1122 1137 1187 cundia.
1153 1122 1572 1189 redundaret
1597 1140 1736 1187 non
1759 1122 2056 1201 modica,
2083 1129 2483 1187 cassatur-us
2505 1140 2582 1184 se
2609 1120 2788 1198 fore,

558 1236 789 1325 aglu-nd·
880 1221 1090 1287 cessit
1144 1221 1468 1287 electioni
1528 1222 1790 1305 pariter
1854 1231 1927 1286 et
1985 1220 2332 1302 dig-nitati.
2437 1219 2580 1285 Pro
2641 1239 2788 1303 quo

557 1286 807 1427 ξρνέῖῗ
882 1319 1200 1387 dominus
1228 1340 1415 1405 papa
1446 1321 1731 1387 fratrem
1763 1321 2150 1386 Robertum
2181 1320 2268 1385 de
2299 1319 2785 1403 Kilwardeby‚

557 1396 629 1427 ⁸¹⁶
754 1396 825 1437 ⁰⁹
882 1420 1180 1503 priorem
1224 1421 1716 1504 provincialem
1777 1421 2038 1487 ordinis
2087 1421 2380 1485 fratrum
2444 1421 2785 1502 praedica·

882 1526 1111 1585 torum
1158 1520 1231 1585 in
1282 1519 1568 1603 Anglie„
1613 1522 2032 1587 auctoritate
2092 1520 2476 1604 apostolica
2536 1522 2784 1585 subro-

558 1632 651 1673 1’12·
668 1632 797 1673 sm·
880 1619 1100 1701 gavit.
1204 1619 1367 1687 Rex
1412 1620 1525 1686 die
1573 1622 1815 1687 Sancti
1859 1618 2122 1685 Calixti
2175 1616 2296 1705 [14
2329 1618 2522 1706 Oct.]
2567 1640 2786 1703 syna·

558 1692 799 1733 'Dm

559 1732 842 1833 21322031
882 1738 1136 1801 gogam
1171 1719 1218 1785 J
1224 1719 1580 1785 udaeorum
1621 1721 1698 1785 in
1728 1720 1897 1786 villa
1931 1720 2402 1787 Londoniensi
2445 1718 2782 1785 fratribus

562 1834 758 1873 stin-de
882 1819 969 1884 de
1000 1818 1427 1887 Poenitentia
1458 1819 1757 1886 contulit
1790 1820 1966 1885 Jesu
2001 1820 2300 1899 Christi3
2347 1820 2469 1902 qui
2501 1820 2784 1903 quidem

563 1883 842 1926 ‘mma‘
881 1918 1103 1996 loeus,
1174 1919 1266 1985 ad
1324 1920 1658 2004 majorem
1715 1919 1762 1985 J
1769 1920 2118 1986 ndaeorum
2181 1919 2680 1997 confusionem,
2741 1941 2788 1985 a

884 2019 1185 2101 quodam
1234 2020 1323 2085 ab
1372 2019 1507 2085 hoc
1558 2028 1809 2085 vocato
1861 2020 2220 2085 dedicatus
2271 2026 2378 2085 est
2433 2020 2786 2104 episcopo.

558 2134 707 2224 genu
726 2134 813 2175 111.
887 2117 1138 2184 Felicis
1160 2119 1507 2185 memoriae
1530 2120 1906 2197 Hearicus,
1927 2140 2050 2185 rex
2073 2118 2374 2201 Angues,
2391 2119 2576 2184 filius
2599 2122 2789 2203 regis

615 2208 630 2225 ⁰
881 2216 931 2283 J
935 2218 1254 2296 ohannis,
1280 2238 1438 2285 cum
1458 2227 1820 2302 regnasset
1841 2220 2042 2284 annis
2071 2236 2242 2297 mm,
2265 2219 2507 2285 diebus
2529 2237 2788 2298 xxlx„

883 2317 995 2383 die
1058 2318 1131 2384 S.
1197 2318 1610 2397 Eadmundi,
1672 2320 2005 2385 Cantuar.
2085 2319 2586 2403 archiepiscopi
2664 2317 2786 2405 [16

886 2416 1132 2499 NoV.]‚
1186 2418 1598 2496 Eadwardo,
1651 2419 2114 2503 primogenito
2161 2438 2316 2498 suo,
2350 2420 2423 2483 in
2465 2421 2784 2503 partibus

884 2524 1133 2598 agente
1163 2520 1668 2598 transmariniS,
1691 2520 1880 2604 apud
1895 2519 2592 2586 westmonasterium
2617 2521 2786 2586 vitae

885 2617 1253 2684 terminum
1310 2618 1513 2684 fecit:
1569 2621 1690 2702 qui
1735 2619 1848 2684 die
1891 2619 1964 2684 S.
2007 2619 2430 2698 Eadmundi,
2470 2621 2657 2702 regis
2710 2632 2784 2686 et

884 2719 1210 2802 martyris
1256 2719 1377 2797 [20
1427 2719 1674 2800 Nov.]‚
1714 2719 2035 2803 proximo
2101 2725 2432 2801 sequente
2495 2719 2786 2786 honeste

882 2817 1138 2881 ibidem
1215 2819 1511 2883 traditus
1586 2826 1694 2883 est
1764 2818 2162 2902 sepulturae.
2265 2817 2361 2884 Et
2442 2819 2634 2900 quia,
2706 2829 2789 2886 ut

884 2914 1147 2978 dictum
1190 2923 1320 2992 est,
1354 2915 1672 2982 dominus
1707 2917 2138 2983 Eadwardus
2165 2917 2240 2983 in
2270 2918 2588 3001 partibus
2613 2929 2784 2986 tunc

884 3016 1139 3096 agebat
1184 3015 1491 3092 remotis,
1542 3017 1736 3099 pacis
1789 3017 2312 3100 regalitatisque
2361 3037 2530 3083 cura
2563 3038 2786 3103 usque

882 3114 974 3181 ad
996 3115 1304 3199 ejusdem
1321 3114 1579 3180 domini
1603 3116 1976 3181 Eadwardi
2000 3117 2376 3182 adventum
2395 3119 2783 3198 servandae,

882 3217 1230 3282 communi
1253 3235 1609 3299 procerum
1638 3235 1951 3294 assensu,
1967 3215 2376 3284 Eadmundo
2386 3216 2781 3297 Cornubiae,

882 3323 953 3380 et
985 3316 1341 3381 Gileberto
1372 3314 1792 3394 Gloverniae,
1826 3316 2192 3381 comitibus
2237 3324 2345 3381 est
2387 3317 2780 3384 commissa.

736 3445 758 3474 ι
882 3411 1195 3491 Alienor,
1243 3435 1423 3480 uxor
1465 3416 1725 3481 domini
1789 3415 2180 3493 Eadwardi‚
2227 3418 2496 3500 peperit
2564 3417 2782 3484 filiam

681 3543 731 3572 m
750 3510 808 3572 οι·
884 3513 1067 3593 apud
1112 3511 1449 3590 Aeonem,
1493 3535 1698 3599 quem
1739 3517 2018 3581 vocavit
2071 3515 2118 3581 J
2125 3516 2486 3581 ohannem.
2593 3517 2782 3582 Ead-

560 3641 634 3671 mu
668 3604 822 3673 anon}
883 3612 1202 3689 mundus,
1280 3613 1461 3678 filius
1539 3617 1722 3697 regis
1796 3613 2096 3698 Angliae,
2171 3609 2376 3681 rediit
2444 3635 2487 3679 a
2561 3617 2786 3684 Terra

562 3732 693 3774 rma.
882 3711 1164 3789 Sancta,
1235 3714 1626 3798 relinquens
1693 3716 1763 3779 in
1827 3716 2138 3798 partibus
2213 3715 2353 3780 iuis
2427 3715 2784 3782 dominum

555 3827 740 3917 fama
884 3811 1371 3892 Eadwardum,
1435 3813 1718 3880 fratrem
1763 3835 1991 3893 suum,
2046 3815 2169 3898 qui
2221 3835 2263 3880 a
2315 3815 2616 3898 quodam
2671 3837 2786 3885 as-

555 3891 832 3973 ιιιωωῖἱι.
881 3913 1115 3978 sasino
1147 3913 1217 3976 in
1247 3912 1409 3979 dolo
1442 3934 1662 3998 nuper
1689 3913 1831 3979 fere
1863 3935 2082 3998 usque
2117 3915 2204 3980 ad
2224 3923 2516 3981 mortem
2550 3916 2780 3984 fuerat

883 4012 1310 4089 vulneratus,
1346 4014 1467 4078 sed
1512 4016 1602 4079 ab
1637 4015 1742 4080 Eo
1788 4016 1908 4099 q‘ui
1951 4014 2245 4080 humiles
2289 4015 2575 4098 respicit
2618 4019 2782 4084 visi-

878 4119 1095 4188 tatus,
1145 4111 1449 4194 perfecte
1496 4113 1595 4178 in·
1616 4115 1808 4179 brevi
1863 4115 1997 4180 suit
2049 4116 2336 4180 sanitati
2389 4117 2774 4185 restitutus.

878 4208 1188 4292 Contigit
1246 4219 1475 4276 autem
1530 4213 1660 4278 hoc
1706 4214 1816 4279 die
1877 4215 1948 4280 S.
1992 4214 2324 4298 Botulphi
2381 4215 2499 4298 [17
2549 4216 2596 4282 J
2602 4219 2776 4299 un.].
