3107 5054
745 489 833 552 86
1245 503 1744 576 coN‘rmuA‘rto
1790 502 2145 551 canorum

749 661 1060 727 Seifredo
1081 661 1525 739 cicestrensi,
1536 660 1847 724 Ricardo
1870 658 2394 735 Herefordensi‚
2408 655 2645 722 Gode-

751 762 930 827 frido
977 762 1459 838 Bathoniensi,
1503 761 1550 825 J
1558 761 1829 824 ohanne
1884 758 2240 836 Hrofensi‚
2282 757 2641 822 Bel-nardo

752 862 838 926 de
863 861 935 927 S.
968 861 1199 927 David
1233 861 1575 936 Walensi,
1606 860 1895 924 Urbano
1916 858 2486 940 Glamorgatensi
2512 877 2634 920 seu

755 949 1218 1038 Landavensi,
1251 959 1486 1026 David
1516 959 2019 1042 Bangornensi.
2076 958 2427 1022 Ricardus
2451 956 2641 1019 Lun-

749 1061 1100 1125 doniensis
1144 1068 1217 1126 et
1261 1060 1645 1124 Rotbertus
1677 1057 2095 1123 cestrensis¹
2118 1059 2271 1142 Jam
2306 1057 2642 1133 obierant,

751 1179 878 1225 nec
905 1160 1157 1242 aliquis
1183 1160 1256 1223 in
1277 1159 1511 1224 sedem
1537 1159 1814 1223 illorum
1838 1177 1922 1222 eo
1944 1175 2167 1239 usque
2192 1161 2643 1221 successerat.

751 1259 1192 1324 Thurstanus
1247 1266 1505 1335 autem,
1537 1258 2000 1322 Eboracensis
2056 1256 2644 1338 archiepiscopus,

747 1359 1030 1422 directis
1056 1359 1324 1422 nuntiis
1353 1377 1436 1422 ac
1462 1357 1706 1434 literis,
1740 1356 2139 1421 rationabili
2170 1374 2389 1420 causa
2414 1362 2641 1420 osten-

748 1456 852 1521 dit
929 1477 1004 1521 se
1081 1458 1452 1522 conventui
1527 1457 1665 1540 ipsi
1752 1457 1999 1520 adesse
2078 1475 2219 1519 non
2305 1456 2635 1538 potuisse.

752 1557 1148 1621 Rannulfus
1176 1576 1368 1633 vero,
1391 1555 1933 1622 Dunholmensis
1964 1556 2353 1638 episcopum,
2384 1574 2469 1618 eo
2487 1561 2637 1618 ten·

748 1656 944 1732 deuS,
994 1657 1396 1720 infirmitate
1447 1663 1805 1738 correptus
1840 1663 1970 1732 est,
2008 1674 2133 1719 nec
2162 1655 2297 1718 iter
2329 1663 2636 1736 coeptum

748 1757 1078 1837 perficere
1129 1757 1376 1839 potnit,
1423 1756 1607 1820 sicut
1660 1755 1849 1838 prior
1892 1753 2201 1818 ecclesiae
2256 1761 2328 1818 et
2383 1752 2634 1828 clerici,

749 1875 926 1937 quos
990 1853 1156 1920 illuc
1229 1856 1603 1931 direxerat,
1661 1855 1793 1918 sub
1866 1854 2261 1918 testimonio
2298 1853 2637 1931 veritatis,

749 1955 1065 2019 attestati
1121 1961 1303 2019 sunt.
1437 1953 1919 2036 wigornensis
1980 1960 2214 2017 autem
2274 1953 2639 2034 episcopus

750 2052 986 2118 Simon
1039 2055 1126 2119 ad
1178 2053 1504 2137 parentes
1547 2073 1715 2118 suos
1772 2061 1967 2119 trans
2024 2070 2215 2116 mare
2264 2053 2513 2128 iverat,
2566 2059 2639 2116 et

747 2154 1050 2217 nondum
1115 2173 1436 2219 reversus
1497 2161 1671 2218 erat.
1802 2151 2312 2228 confluxerant
2364 2171 2641 2233 quoque

747 2251 913 2317 illuc
963 2271 1238 2336 magnae
1287 2253 1766 2318 multitudines
1816 2252 2244 2327 clericorum,
2277 2251 2641 2328 laicorum,

750 2358 896 2416 tam
955 2354 1250 2418 divitum
1302 2372 1510 2437 quam
1578 2352 2051 2428 mediocrium,
2110 2358 2181 2414 et
2242 2351 2469 2415 factus
2529 2359 2637 2416 est

747 2460 1129 2516 conventus
1153 2453 1434 2535 grandis
1459 2459 1530 2516 et
1558 2451 2081 2517 inaestimabilis,
2181 2450 2375 2514 Sedit
2404 2457 2639 2514 autem

749 2567 858 2615 111.
890 2552 1155 2630 diebuS,
1189 2553 1259 2616 id
1309 2561 1417 2617 est
1469 2554 1677 2617 tertio
1720 2553 1876 2617 idus
1928 2552 2106 2615 Maii
2142 2550 2263 2634 [13
2297 2552 2529 2632 MaiiJ,
2566 2558 2637 2615 et

746 2650 856 2713 die
902 2652 1242 2732 sequenti,
1277 2653 1627 2734 tertioque
1674 2660 1836 2735 post
1878 2652 2087 2729 hunc,
2120 2651 2242 2733 qui
2285 2651 2418 2715 fuit
2448 2668 2632 2716 xvn.

745 2749 888 2813 kal.
936 2751 983 2815 J
991 2752 1134 2815 unii
1169 2752 1290 2833 [16
1324 2752 1557 2833 MaiiJ.
1660 2750 1847 2815 Acta
1878 2758 2045 2815 sunt
2086 2751 2185 2815 ibi
2226 2750 2311 2815 de
2340 2751 2635 2831 negotiis

745 2851 1172 2914 secularibus
1223 2851 1581 2928 nonnulla,
1632 2851 1954 2934 quaedam
1994 2850 2271 2933 quidem
2314 2850 2635 2915 determi-

745 2955 932 3025 nata,
1000 2951 1318 3032 quaedam
1387 2951 1628 3027 dilata,
1694 2950 2013 3032 quaedam
2088 2969 2276 3027 vero,
2354 2957 2643 3033 propter

745 3048 1036 3111 nimium
1065 3050 1428 3115 aestuantis
1465 3052 1689 3113 turbae
1736 3050 2135 3126 tumultum,
2168 3052 2257 3114 ab
2284 3050 2637 3114 audientia

737 3146 1200 3230 judicantium
1258 3150 1655 3233 profligata.
1762 3148 1941 3227 Quae
2002 3155 2231 3213 autem
2291 3150 2637 3213 communi

745 3248 1228 3330 episcoporum
1285 3269 1625 3313 consensu
1675 3249 1747 3312 in
1802 3249 1957 3331 ipso
2015 3248 2307 3313 concilio
2360 3250 2639 3313 decreta

744 3354 908 3411 sunt
949 3355 1030 3411 ⁴et
1077 3355 1364 3426 statuta,
1397 3350 1582 3415 sicut
1622 3348 1765 3412 illic
1815 3348 2091 3431 publice
2136 3348 2429 3413 recitata
2474 3356 2637 3412 sunt

745 3453 816 3508 et
841 3456 1187 3528 suscepta,
1215 3448 1288 3510 in
1318 3447 1448 3511 hoc
1478 3467 1687 3531 opere
1716 3447 1979 3528 placuit
2000 3455 2359 3515 annotare.
2462 3448 2639 3513 Sunt

745 3543 961 3625 igitur
991 3544 1140 3607 haec
1167 3566 1185 3609 t

422 3658 680 3748 3333&
848 3658 898 3705 1.
947 3642 1298 3709 Ecclesias
1319 3651 1390 3708 et
1412 3644 1885 3711 ecclesiastiea
1905 3646 2264 3721 beneficia,
2290 3664 2413 3710 seu
2434 3652 2634 3728 quos-

686 3735 698 3749 ‘
745 3740 916 3805 libet
970 3743 1479 3809 ecclesiasticos
1535 3744 1835 3809 honores
1880 3746 2086 3811 vendi
2130 3746 2245 3810 vel
2300 3746 2457 3822 emi,
2512 3764 2637 3809 au-

744 3842 1068 3906 ctoritate
1112 3844 1299 3908 beati
1351 3844 1569 3922 Petri,
1616 3846 2113 3928 Apostolorum
2162 3845 2519 3927 principis,
2566 3851 2637 3908 et

744 3949 1008 4019 nostra,
1079 3944 1360 4008 omnino
1436 3944 1900 4028 prohibemus.
2040 3944 2184 4023 Qui
2265 3964 2429 4009 vero
2506 3944 2635 4008 hoc

743 4044 1166 4124 pr'aeceptum
1235 4044 1537 4108 violasse
1611 4046 1970 4110 convictus
2047 4044 2279 4121 fuerit,
2344 4044 2635 4108 clericus

1083 4262 1099 4295 ²
1152 4268 1464 4330 cestrensis]
1501 4268 1913 4320 conventrensi&
1952 4270 2084 4323 Edit.
2107 4274 2205 4319 aud
2227 4272 2289 4321 L.
