3107 5054
858 454 986 522 118
1353 470 1859 519 communio
1904 468 2255 518 onnomci

859 634 1088 695 terant
1137 629 1532 711 capiuntur,
1574 627 1879 691 universi
1929 628 2119 710 capti
2161 627 2455 692 vinculis
2506 634 2577 691 et
2621 635 2766 693 tor-

859 730 1108 795 mentis
1137 727 1621 812 mancipantur
1666 728 2050 805 horrendiS,
2082 746 2445 810 poenarum
2473 728 2767 792 diversi-

860 836 1042 895 tates
1105 829 1253 893 sive
1309 829 1725 893 acerbitates
1782 828 2270 911 exquiruntur,
2330 828 2767 912 militumque

859 938 1162 995 catervae
1226 928 1316 994 ad
1375 929 1506 992 hoc
1572 946 1749 1011 opus
1822 928 2226 1010 perditionis
2282 928 2765 1011 exequendum

860 1030 1314 1113 undecunque
1363 1028 1869 1104 conducuntur,
1912 1029 2164 1110 quibus
2218 1029 2291 1091 in
2352 1028 2768 1111 stipendium

860 1130 1114 1195 dantur
1139 1137 1210 1195 et
1243 1128 1641 1194 venduntur
1670 1128 1981 1192 vicorum
2014 1134 2085 1193 et
2116 1128 2437 1193 villarum
2466 1128 2769 1193 cultores

861 1239 1074 1313 atque
1141 1230 1567 1294 habitatores
1621 1247 1781 1291 cum
1836 1228 2041 1292 rebus
2092 1229 2239 1293 suis
2294 1229 2639 1292 universis
2686 1248 2768 1293 ac

860 1330 1291 1395 substantiis.
1386 1328 1717 1393 Consedit
1745 1328 1985 1410 itaque
2020 1328 2113 1391 ibi
2144 1309 2425 1393 (lomina
2452 1327 2575 1392 illa
2607 1329 2767 1411 plus

858 1430 1128 1493 duobus
1182 1429 1557 1506 mensibus,
1612 1446 1891 1491 sumens
1944 1429 2032 1492 ab
2082 1428 2399 1494 omnibus
2440 1428 2769 1506 hominia,

862 1536 934 1593 et
980 1548 1106 1611 pro
1139 1528 1337 1593 libito
1367 1546 1495 1591 suo
1531 1528 1907 1611 disponens
1938 1526 2327 1610 Anglorum
2357 1529 2553 1609 regni
2578 1530 2765 1613 jura.

866 1628 1040 1693 Inde
1061 1628 1419 1693 discedens
1439 1647 1673 1692 mense
1696 1622 2221 1704 Octob.,xvlu.¹
2244 1627 2385 1692 kal.
2412 1629 2479 1692 N
2484 1631 2757 1693 ovemb.

767 1760 803 1792 r.
867 1729 986 1811 [15
1019 1727 1236 1815 Oct.],
1274 1728 1835 1793 Glocestrensem
1873 1728 2064 1793 venit
2094 1728 2179 1791 ad
2208 1729 2473 1806 urbem,
2506 1730 2762 1793 civium

865 1835 936 1894 et
981 1829 1624 1913 circumjacentium
1681 1827 1841 1891 hinc
1892 1828 2051 1892 inde
2096 1828 2335 1892 finium
2388 1829 2767 1911 expediens

863 1930 1241 1994 dominium
1269 1937 1341 1993 et
1371 1946 1649 1991 sumens
1677 1927 2081 1992 hominium.
2189 1928 2349 1992 Hoc
2372 1949 2537 1994 vero
2560 1948 2769 2011 agere

865 2029 1281 2107 nolentibus,
1331 2028 1452 2093 sed
1505 2028 1656 2109 regi
1709 2028 1942 2112 potius
2003 2028 2405 2093 fidelitatem
2462 2028 2772 2094 custodi-

866 2130 1167 2207 entibuS‚
1215 2130 1522 2194 Deciana
1551 2129 1703 2193 sive
1736 2127 2140 2192 Neroniana
2188 2128 2577 2193 inferuntur
2626 2137 2770 2194 tor-

868 2237 1101 2295 menta
1129 2249 1287 2295 cum
1323 2230 1615 2295 diversis
1650 2229 2025 2294 mortibus:
2091 2229 2304 2312 fitque
2346 2231 2538 2307 urbs,
2584 2237 2769 2295 retro

867 2330 1210 2395 anteactis
1239 2330 1490 2394 seculis
1523 2327 1854 2410 gloriosa,
1872 2327 2255 2394 ululatibus
2277 2329 2583 2414 dirisque
2617 2350 2773 2396 cru·

868 2430 1166 2493 ciatibus
1228 2429 1458 2512 plena,
1509 2429 1795 2510 suisque
1844 2428 2351 2495 habitatoribus
2402 2430 2771 2497 horrenda.

871 2529 1010 2593 His
1054 2530 1156 2593 ita
1213 2549 1292 2594 se
1347 2527 1831 2594 miserabiliter
1884 2529 2349 2609 habentibus,³²
2408 2531 2773 2615 Walinga-

869 2629 1186 2693 fordense
1243 2629 1605 2694 castellum
1666 2629 1800 2694 sibi
1862 2631 2235 2695 adversum
2292 2651 2419 2696 rex
2478 2633 2771 2698 obsedit.

873 2727 1271 2804 obsidionis
1310 2730 1599 2794 diutinae
1638 2737 1997 2812 pertaesus,
2046 2731 2500 2797 anticastellis
2534 2742 2777 2800 extru-

871 2829 1003 2893 ctis
1087 2831 1246 2894 inde
1330 2830 1708 2912 profectus,
1789 2837 2323 2896 castrametatus
2402 2842 2509 2897 est
2588 2835 2773 2917 apud

871 2928 1464 3013 Malmesbyriam,
1498 2931 1618 2993 ubi
1660 2931 1731 2994 in
1776 2929 2233 3010 adversarioS,
2266 2931 2337 2996 id
2368 2942 2500 3011 est,
2530 2935 2605 2997 in
2638 2935 2776 2998 dis-

868 3028 1126 3093 cordiae
1159 3030 1510 3112 operarios
1541 3029 1783 3094 eadem
1806 3039 2133 3113 operatus
2164 3039 2292 3097 est.
2400 3033 2595 3098 Inter
2626 3035 2775 3100 haec

757 3155 794 3186 r·
872 3129 1100 3194 flebile
1141 3131 1457 3194 nuntium
1493 3131 1792 3212 percutit
1834 3149 2037 3195 aures
2072 3132 2327 3197 civium
2361 3133 2777 3216 Wigornen-

870 3231 1072 3296 sium.
1178 3231 1441 3296 Crebra
1487 3230 1679 3295 volat
1722 3229 1933 3308 fama,
1962 3230 2373 3312 Wigomam
2418 3235 2773 3300 civitatem

871 3332 960 3395 ab
989 3329 1304 3397 hostibus
1335 3332 1408 3396 in
1452 3331 1771 3414 proximo
1807 3330 2332 3409 devastandam,
2376 3334 2581 3398 rebus
2614 3355 2775 3418 spo·

869 3429 1198 3507 liandam,
1259 3431 1422 3511 igne
1495 3431 2051 3496 comburendam.
2156 3431 2363 3496 Talia
2421 3433 2777 3500 audientes

871 3535 1214 3592 terrentur
1243 3529 1428 3593 cives
1463 3529 2003 3611 Wigornenses;
2055 3532 2219 3615 quid
2256 3532 2441 3598 facto
2471 3553 2647 3618 opus
2688 3537 2779 3600 sit

871 3629 1262 3693 consulunt.
1367 3627 1526 3707 Quo
1572 3629 1811 3695 habito
1850 3631 2163 3710 consilio,
2204 3631 2295 3696 ad
2346 3633 2483 3698 Dei
2528 3636 2778 3699 summi

873 3726 1137 3806 PatriS,
1167 3736 1240 3794 et
1289 3728 1376 3793 ad
1431 3730 1851 3796 beatissimae
1906 3751 2055 3796 suae
2112 3733 2463 3814 genitricis
2504 3736 2776 3818 asylum

869 3827 1168 3894 miseriae
1233 3829 1669 3911 confugiunt,
1738 3838 1810 3895 et
1864 3833 1995 3897 sub
2049 3834 2442 3915 'patrocinio
2506 3836 2777 3900 confes-

869 3948 1104 3995 sorum
1157 3930 1380 3996 sancti
1412 3930 1722 3995 Oswaldi
1762 3938 1835 3995 et
1882 3933 2068 3997 beati
2098 3933 2431 4011 Wlstani,
2475 3935 2777 4002 civitatis

867 4029 1178 4111 ejusdem
1210 4030 1609 4113 praesulum,
1642 4048 1717 4094 se
1748 4038 1818 4095 et
1842 4050 1971 4095 sua
1999 4034 2253 4098 divinae
2277 4035 2553 4099 tuitioni
2590 4057 2773 4102 com-

947 4189 958 4218 ¹
997 4191 1177 4254 xv111.]
1212 4193 1407 4242 Should
1451 4194 1699 4256 probably
1732 4195 1794 4244 be
1921 4192 1941 4221 ⁸
1971 4197 2091 4243 Jam
2128 4211 2236 4245 rem
2274 4233 2285 4245 .
2316 4231 2329 4246 .
2356 4233 2369 4248 .
2399 4234 2411 4248 .
2453 4198 2779 4264 habentibus]

869 4269 992 4310 xvn.
1847 4263 1977 4316 Adel.
2002 4267 2123 4318 edit.
2142 4268 2200 4317 C.
2224 4267 2361 4318 omit.
