3107 5054
815 490 1199 538 ivmmm'ru
1250 490 1806 541 wlooamlmsls.
2129 479 2261 543 265

362 654 434 711 et
470 646 592 710 alii
627 646 934 710 homines
977 647 1063 708 de
1109 652 1293 709 terra
1336 647 1521 727 regis
1567 645 1840 725 Scotiae,
1872 647 1958 712 de
2003 651 2256 731 quibus

364 747 687 810 dominus
742 765 869 809 rex.
926 744 1179 808 habere
1224 746 1546 823 voluerit,
1597 745 1858 812 facient
1904 747 1966 812 ei
2019 749 2257 814 homa-

368 847 561 927 gium
624 852 870 910 contra
934 863 1202 909 omnem
1277 846 1642 922 hominem,
1711 852 1781 910 et
1832 847 2257 926 fidelitatem,

371 952 450 1010 ut
502 944 669 1026 ligio
726 944 1027 1021 domino,
1082 945 1263 1009 sicut
1322 945 1437 1008 alii
1502 945 1812 1010 homines
1865 949 1973 1011 sui
2031 947 2258 1014 facere

372 1045 601 1108 solent
645 1044 733 1119 ei,
764 1051 835 1108 et
872 1042 1179 1108 Hem-ico
1216 1044 1387 1125 regi,
1416 1043 1560 1108 filio
1591 1063 1744 1122 suo,
1775 1053 1846 1110 et
1875 1046 2259 1113 haeredibus

374 1144 545 1219 suist,
587 1142 785 1207 salva
828 1142 961 1205 fide
1004 1141 1264 1206 domini
1310 1144 1519 1226 regiS,
1555 1145 1775 1226 patris
1819 1146 1949 1209 sui.
2056 1146 2258 1210 Simi-

370 1243 531 1306 liter
576 1241 883 1306 haeredes
925 1242 1113 1322 regis
1160 1241 1435 1320 Scotiae,
1470 1249 1541 1308 et
1569 1245 1900 1308 baronum
1935 1251 2006 1312 et
2035 1245 2257 1310 homi-

370 1361 535 1408 num
600 1359 879 1405 suorum
954 1340 1349 1422 homagium
1426 1349 1497 1405 et
1568 1342 1928 1423 ligantiam
2005 1343 2260 1410 facient

374 1439 763 1504 haeredibus
830 1439 1087 1503 domini
1154 1441 1335 1522 regis
1406 1449 1651 1504 contra
1712 1459 1979 1506 omnem
2045 1444 2262 1508 homi·

372 1561 555 1604 nem.
627 1538 981 1603 Praeterea
1004 1559 1128 1602 rex
1159 1540 1412 1604 Scotiae
1432 1547 1503 1602 et
1524 1540 1834 1606 homines
1864 1541 1972 1604 sui
1995 1543 2260 1607 nullum

374 1659 417 1702 a
433 1639 639 1702 modo
660 1638 1023 1719 fugitivum
1054 1639 1140 1702 de
1163 1645 1348 1703 terra
1370 1639 1630 1705 domini
1655 1641 1835 1721 regis
1859 1659 1986 1721 pro
2003 1641 2260 1708 felonia

373 1739 826 1820 receptabunt
870 1737 941 1800 in
986 1737 1243 1814 Sootia,
1277 1737 1389 1801 vel
1433 1739 1505 1801 iu
1552 1739 1692 1802 alia
1719 1745 1906 1804 terra
1937 1758 2092 1816 sua,
2127 1741 2259 1804 nisi

375 1837 677 1902 voluerit
707 1837 939 1900 venire
972 1836 1059 1900 ad
1097 1843 1361 1900 rectum
1390 1836 1461 1900 in
1507 1844 1694 1909 terra
1737 1837 2000 1900 domini
2045 1839 2258 1920 regis,
2327 1904 2331 1908 ,

374 1944 445 2000 et
522 1947 715 2001 stare
781 1935 1049 2019 judicio
1126 1936 1383 2002 euriae:
1458 1936 1580 2000 sed
1654 1955 1780 2002 rex
1855 1936 2111 2004 Scotino
2188 1945 2260 2002 et

372 2035 683 2100 homines
725 2036 857 2112 sui,
889 2054 1095 2118 quam
1139 2034 1344 2100 citius
1386 2042 1741 2116 poterunt,
1769 2055 1926 2100 eum
1957 2036 2258 2118 capient,

374 2141 446 2198 et
494 2134 773 2199 domino
811 2135 961 2216 regi
1000 2133 1308 2209 reddent,
1343 2133 1453 2198 vel
1494 2134 1898 2217 justitiariis
1943 2143 2066 2199 aut
2112 2136 2260 2200 bal-

374 2234 534 2297 livis
580 2235 725 2298 suis
766 2235 839 2297 in
870 2231 1150 2314 Anglia.
1253 2231 1328 2297 Si
1370 2240 1602 2298 autem
1649 2233 1899 2314 aliquis
1943 2233 2030 2298 de
2074 2240 2260 2298 terra

374 2334 560 2414 regis
578 2333 831 2396 Sootiae
851 2333 1187 2413 fugitivus
1210 2331 1417 2418 fuerit
1440 2352 1566 2414 pro
1593 2332 1850 2398 felonia
1875 2333 1951 2396 in
1972 2330 2256 2414 Anglia,

374 2432 509 2495 nisi
565 2432 863 2496 voluerit
921 2431 1153 2495 venire
1214 2430 1303 2494 ad
1364 2439 1628 2497 rectum
1690 2432 1763 2498 in
1825 2432 2020 2496 curia
2075 2433 2259 2514 regis

373 2532 657 2610 Scotiae,
689 2533 800 2598 vel
828 2532 901 2595 in
934 2532 1125 2596 ouria
1152 2530 1415 2596 domini
1438 2532 1650 2613 regie,
1679 2539 1750 2595 et
1781 2539 1968 2597 stare
1993 2532 2259 2615 judicio

374 2632 611 2708 curiae,
640 2650 781 2695 non
827 2630 1292 2711 receptabitur
1332 2630 1609 2694 domino
1639 2650 1825 2712 rege,
1859 2632 1978 2696 sed
2009 2632 2259 2696 libera-

374 2731 565 2795 bitur
596 2730 985 2795 hominibus
1012 2728 1269 2792 domini
1299 2728 1483 2810 regis
1513 2723 1790 2805 Scotiae,
1816 2750 1940 2811 per
1967 2729 2260 2795 ballivos

378 2830 639 2893 domini
713 2829 921 2911 regis,
981 2830 1101 2891 ubi
1172 2828 1500 2893 inventus
1562 2828 1790 2894 fuerit.
1911 2827 2261 2893 Praeterea

376 2929 688 2992 homines
720 2927 979 2993 domini
1006 2927 1193 3009 regis
1227 2928 1579 2993 habebunt
1609 2935 1832 2993 terras
1865 2947 2054 3005 suas,
2085 2948 2260 3009 quas

372 3028 744 3103 habebant,
794 3034 867 3091 et
922 3027 1173 3091 habere
1224 3027 1552 3092 deberent
1617 3028 1704 3091 de
1759 3028 2034 3093 domino
2097 3046 2257 3107 rege

376 3134 452 3191 et
487 3144 647 3208 rege
678 3125 935 3190 Scotiae
962 3132 1033 3190 et
1060 3126 1148 3189 de
1166 3125 1558 3191 hominibus
1580 3125 1746 3191 suia.
1818 3126 1924 3189 Et.
1947 3126 2260 3191 homines

375 3226 563 3306 reg-is
622 3224 875 3291 Scotiae
933 3225 1283 3289 habebunt
1327 3232 1549 3289 terras
1593 3242 1778 3299 suas,
1824 3242 2000 3305 quas
2051 3223 2260 3287 habe-

374 3327 567 3400 bant,
612 3330 685 3387 et
728 3324 981 3387 habere
1030 3324 1355 3387 deberent
1409 3323 1495 3387 de
1539 3321 1813 3387 domino
1855 3340 2019 3403 rego
2062 3331 2134 3385 et
2177 3321 2263 3387 de

372 3424 771 3502 hominibus
824 3424 991 3487 suis.
1086 3422 1229 3487 Pro
1278 3423 1412 3486 ista
1465 3441 1630 3486 vero
1677 3421 2131 3486 conventione
2191 3429 2262 3485 et

372 3523 513 3587 fine
540 3522 828 3586 firmiter
858 3523 1312 3598 observando,
1342 3522 1620 3585 domino
1639 3522 1814 3603 regi,
1831 3528 1904 3585 et
1929 3521 2263 3597 Hernico,

324 3606 333 3621 ⁸
373 3621 520 3685 filio
583 3640 735 3697 suo,
786 3630 857 3685 et
920 3619 1309 3684 haeredibus
1358 3621 1502 3691 suis
1560 3640 1606 3684 a
1667 3640 1830 3701 rege
1887 3620 2139 3685 Scotiae
2196 3629 2266 3686 ot

372 3720 763 3787 haeredibus
841 3720 1010 3796 suia,
1078 3719 1401 3784 liberavit
1474 3738 1600 3782 rex
1663 3718 1914 3783 Scotiae
1988 3718 2266 3781 domino

370 3820 521 3901 regi
582 3818 943 3883 castellum
1005 3818 1091 3882 de
1142 3817 1574 3893 Rokesburo,
1639 3822 1710 3880 et
1759 3816 2124 3881 castellum
2177 3816 2264 3881 de

373 3916 723 3993 Bere-wilt,
774 3923 847 3980 et
900 3917 1263 3981 castellum
1318 3917 1406 3980 de
1454 3914 1956 3995 Geddewurth,
2015 3923 2088 3979 et
2147 3930 2264 3980 ow-

322 4076 333 4085 .
370 4018 654 4084 stellum
712 4015 1141 4092 Puellarum,
1171 4022 1241 4080 et
1280 4015 1642 4080 castellum
1681 4014 1768 4077 de
1805 4014 2158 4090 strivelin,
2192 4014 2266 4077 in

368 4114 847 4181 misericordia
906 4114 1163 4178 domini
1220 4116 1427 4197 regis,
1518 4114 1612 4177 Et
1671 4112 1758 4177 ad
1817 4111 2270 4177 custodienda

366 4214 661 4306 cas-tella
694 4214 819 4277 illa
848 4214 1235 4295 assignabit
1272 4233 1399 4279 rex
1430 4212 1684 4278 Scotino
1716 4212 1802 4277 de
1834 4210 2106 4277 redditu
2142 4230 2271 4277 suo
