3107 5054
761 454 852 522 ⁵2
1505 467 1941 516 canonicos·

469 667 591 709 Am,
613 665 727 706 nos.
869 623 1140 706 Magna
1171 621 1516 688 discordia
1547 621 1738 688 sacta
1766 629 1875 686 est
1902 622 2086 686 inter
2116 639 2348 703 regem
2388 617 2672 684 Heinri-

443 734 694 775 Νωνίου
769 745 926 790 cum
1007 732 1080 790 et
1151 721 1558 788 Anselmum
1628 721 2245 804 archiepiscopum,
2316 740 2401 784 eo
2488 715 2673 800 quod

445 788 634 825 between
653 783 730 822 the

445 834 654 926 {¹33⁸ng
769 823 1328 906 archiepiscopus
1407 821 1625 888 nollet
1683 823 2071 888 consentire
2130 829 2211 886 ut
2268 839 2397 884 rex
2470 818 2671 881 daret

445 934 728 1026 {3220}ng
771 924 1220 988 investituras
1247 920 1719 998 ecclesiarum,
1748 941 1973 1004 neque
1999 938 2430 995 consecrare,
2452 935 2677 999 neque

729 1009 741 1020 ’
773 1024 1282 1088 communicare
1301 1021 1391 1086 iis
1411 1022 1665 1104 quibus
1689 1041 1819 1085 rex
1832 1021 1979 1105 jam
2006 1020 2293 1087 dederat
2309 1018 2671 1092 ecclesias;

774 1124 942 1205 quia
973 1121 1396 1205 apostolicus
1431 1122 1565 1186 sibi
1594 1128 1668 1185 et
1692 1121 2006 1186 omnibus
2032 1121 2167 1186 hoc
2194 1117 2677 1184 interdixerat.

780 1221 978 1286 Unde
1023 1241 1147 1286 rex
1188 1222 1522 1303 praecepit
1556 1220 1897 1297 Gerardo,
1932 1219 2451 1301 archiepiscopo
2488 1217 2675 1280 Ebo-

777 1322 1069 1396 racensi,
1117 1327 1458 1401 quatenus
1509 1327 1946 1384 consecraret
1988 1320 2377 1401 episcop0S‚
2420 1317 2675 1400 quibus

774 1421 924 1503 ipse
955 1439 1082 1482 rex
1103 1419 1388 1482 dederat
1425 1419 1897 1494 investituras,
1928 1418 2219 1496 scilicet,
2246 1416 2675 1482 Willelmum

778 1518 1194 1596 Gifl'ardum,
1215 1525 1288 1582 et
1315 1517 1719 1599 Rogerium,
1742 1519 1863 1600 qui
1895 1517 2028 1582 fuit
2066 1517 2467 1601 capellanus
2494 1516 2675 1598 ejus,

776 1619 888 1683 cui
965 1618 996 1700 j
1003 1637 1116 1682 am
1197 1617 1482 1682 dederat
1572 1618 2209 1702 Searesbyriensem
2290 1616 2675 1682 ecclesiam.

780 1717 1134 1782 Gerardus
1185 1726 1611 1801 praeceptum
1655 1719 1840 1798 regis
1882 1718 2211 1800 suscepit,
2252 1717 2371 1780 sed
2402 1715 2679 1781 Willel-

781 1837 958 1894 mus,
988 1836 1202 1881 causa
1222 1817 1544 1899 justitiae,
1574 1817 1745 1881 illud
1774 1825 1847 1882 et
1884 1818 2426 1882 benedictionem
2460 1814 2679 1878 archi-

781 1917 1090 2000 episcopi
1141 1915 1436 1980 Gerardi
1492 1918 1777 1999 sprevit.
1892 1917 2129 1996 Quare
2190 1917 2374 1998 regis
2413 1915 2679 2000 judicio

783 2017 930 2080 suis
987 2016 1304 2080 omnibus
1377 2016 1799 2097 expoliatuS,
1859 2017 2256 2080 eliminatur
2312 2034 2357 2081 a
2420 2033 2635 2096 regno
2652 2037 2677 2086 ς

785 2117 1024 2180 caeteri
1065 2135 1231 2180 vero
1268 2115 1729 2180 inconsecrati
1766 2122 2265 2180 remanserunt.
2358 2113 2683 2196 Reignela

787 2235 942 2280 mus
996 2223 1228 2280 autem
1301 2215 1512 2298 paulo
1578 2225 1739 2280 ante
1811 2217 2283 2298 episcopatum
2357 2212 2684 2278 Herefor-

785 2314 1067 2380 densem
1131 2316 1280 2395 regi
1329 2314 1651 2390 reddidit,
1703 2316 1867 2397 quia
1916 2314 2260 2379 intellexit
2316 2333 2397 2379 se
2454 2313 2682 2377 Deum

787 2413 1152 2478 offendisse
1205 2415 1276 2476 in
1327 2413 1482 2489 hoc,
1534 2414 1725 2495 quod
1779 2415 1867 2478 de
1912 2434 2122 2478 manu
2174 2414 2343 2478 laici·
2389 2413 2681 2496 alicujus

783 2511 1266 2580 investituram
1297 2512 1609 2577 ecclesiae
1638 2503 2081 2598 suscepisset.
2172 2514 2349 2579 Post
2376 2514 2525 2577 haec
2554 2532 2682 2577 rex.

464 2644 645 2683 anselm
665 2652 766 2693 με,
784 2613 1010 2675 tenuit
1031 2613 1295 2675 curiam
1319 2631 1516 2677 suam
1539 2614 1613 2676 in
1636 2613 1915 2678 Pascha
1932 2615 2329 2679 Wintoniae.
2430 2611 2681 2677 Ansel-

464 2700 510 2735 ‘⁰
529 2694 684 2737 ηοω·
784 2731 940 2778 mus
972 2711 1559 2795 archiepiscopus,
1590 2720 1749 2795 post
1768 2713 2025 2778 multas
2054 2714 2345 2797 injurias
2365 2719 2435 2776 et
2462 2713 2681 2777 diver-

785 2828 900 2875 sas
947 2811 1396 2875 contumelias
1443 2832 1617 2893 quas
1662 2831 1909 2894 passus
1954 2821 2083 2889 est,
2128 2819 2417 2895 rogatus
2446 2832 2489 2876 a
2519 2832 2681 2894 rege

788 2910 1097 2991 perrexit
1129 2909 1452 2987 Romam,
1487 2928 1551 2973 v.
1588 2910 1732 2976 kal.
1764 2912 1939 2977 Maii
1982 2912 2102 2993 [27
2132 2911 2369 2995 Apr.],
2408 2913 2591 2977 sicut
2618 2912 2681 2975 ei

785 3016 856 3073 et
904 3010 1054 3090 regi
1097 3009 1444 3085 convenit,
1487 3010 1751 3075 habens
1784 3012 1857 3073 in
1890 3012 2227 3076 comitatu
2255 3012 2681 3076 Willelmum

789 3107 1296 3175 wintoniensis
1375 3110 1685 3174 ecclesiae
1762 3112 2057 3175 electum
2133 3111 2536 3187 antistitem,
2614 3118 2685 3175 et

789 3208 1077 3272 abbates
1103 3208 1189 3273 de
1219 3210 1516 3276 abbatiis
1535 3209 1910 3293 depositos,
1934 3210 2309 3275 Ricardum
2338 3211 2683 3274 Elicnsem

471 3341 629 3399 12⁰3*st
789 3314 861 3371 et
913 3306 1311 3373 Aldwinum
1376 3309 1919 3375 Ramesiensem.
2024 3310 2409 3375 Rotbertus
2458 3328 2687 3374 comes

468 3390 696 3489 ’ἕξξῖξὶἆῗ
793 3405 1279 3469 Nortmanniae
1324 3410 1514 3473 venit
1558 3409 1631 3471 in
1672 3408 2003 3491 Angliam
2040 3409 2234 3492 loqui
2276 3429 2435 3473 cum
2473 3400 2687 3473 fratrc

789 3522 941 3580 suo,
993 3510 1064 3567 et
1103 3512 1478 3586 antequam
1518 3507 1837 3572 rediisset
1868 3508 1955 3572 de
1990 3507 2249 3589 Anglia
2280 3509 2690 3591 perdonavit

791 3608 898 3665 ter
933 3602 1118 3667 mille
1149 3622 1416 3668 marcas
1452 3607 1751 3687 argenti,
1781 3626 1955 3690 quas
1988 3628 2113 3672 rex
2140 3608 2272 3671 sibi
2290 3609 2475 3671 omni
2508 3626 2691 3671 anno

469 3732 719 3783 Aprodigy.
789 3720 916 3784 per
959 3704 1488 3770 conventionem
1525 3705 1817 3773 debuit.l
1920 3708 2006 3773 In
2050 3708 2409 3790 provincia
2458 3708 2691 3783 etiam,

857 3926 874 3961 ¹
910 3927 1140 3991 Debuit]
1199 3930 1321 3981 Sax.
1377 3930 1589 3995 Chron„
1630 3933 1713 3984 W.
1766 3935 1906 3995 price
1935 3935 1993 3984 of
2016 3934 2097 3985 his
2120 3936 2339 3997 liberty:
2372 3935 2558 3997 ‘quam
2584 3934 2695 4001 (pe-

785 4000 1059 4049 Malmesb.
1097 4010 1155 4049 ιι.
1184 4014 1236 4060 p.
1259 4004 1376 4062 621,
1410 4000 1540 4053 Ord.
1555 4003 1715 4052 vital.
1766 4001 1992 4069 cuniam)
2046 4006 2134 4053 ille
2197 4006 2465 4067 posteriori
2522 4006 2691 4055 statim

789 4084 842 4129 p.
859 4073 976 4118 805.
1034 4068 1224 4117 Robert
1239 4071 1472 4131 resigned
1492 4072 1575 4123 his
1594 4087 1719 4134 pen-
1767 4087 1897 4122 anno
1952 4074 2198 4123 voluntati
2261 4076 2453 4137 reginae
2511 4076 2694 4137 libens,

782 4139 900 4185 ‘sion
923 4136 1000 4202 (at
1020 4138 1106 4185 the
1127 4151 1313 4199 prayer
1334 4139 1392 4187 of
1419 4140 1504 4189 the
1538 4156 1721 4205 queen,
1767 4142 1903 4206 quod
1927 4143 2017 4193 illa
2038 4148 2250 4207 peteret,
2270 4144 2611 4195 condonavit.’

787 4206 1060 4268 according
1078 4210 1131 4254 to
1153 4206 1530 4275 Malmesbury)
1553 4225 1612 4261 as
1632 4211 1719 4261 the
