3107 5054
864 447 999 512 244
1368 453 1866 506 coNTmUATto
1911 452 2264 502 canorum

870 619 983 684 cui
1024 615 1360 682 successit
1393 611 1786 681 Willelmus
1835 612 1922 675 de
1968 610 2246 684 Sutton,
2279 609 2592 693 ejusdem
2637 611 2779 675 loci

548 738 689 780 nean
708 737 755 776 οι
774 736 849 776 th·
873 717 1315 783 camerarium
1420 713 1851 794 Margareta,
1877 710 2023 774 filia
2053 709 2218 774 Irici
2241 709 2424 791 regis
2470 709 2776 774 Norwa-

552 787 793 886 ῗῗέἶῗιῗιῗῐ
875 818 1035 900 giae,
1070 822 1142 880 et
1172 815 1621 897 Margaretae,
1655 810 1816 874 filiae
1847 808 2229 873 Alexandri
2277 809 2461 890 regis
2492 809 2776 886 Scotiae,

877 916 1098 982 serius
1126 915 1273 980 sine
1301 911 1574 976 haerede
1605 909 1690 974 de
1711 927 1788 974 se
1817 908 2151 984 defuncti,
2183 908 2317 989 [et]
2349 907 2778 989 Margaretae

878 1016 1159 1097 reg-inae,
1194 1012 1355 1076 filiae
1394 1009 1684 1076 Henrici
1731 1009 1912 1090 regis
1949 1005 2362 1088 Anglorum,
2391 1013 2463 1070 et
2515 1010 2779 1072 sororis

883 1110 1255 1180 Eadwardi
1286 1111 1495 1192 regis,
1528 1107 1838 1192 ejusdem
1881 1105 2066 1187 regis
2099 1106 2248 1183 filii,
2277 1107 2409 1182 cui,
2443 1112 2780 1189 tanquam

882 1211 1335 1298 propinquior
1376 1208 1738 1290 sang-uine,
1771 1207 1964 1287 regni
1993 1204 2245 1270 Scotiae
2269 1204 2390 1287 jus
2430 1214 2782 1287 compete-

884 1313 1007 1376 bat
1056 1308 1612 1379 haereditarium3
1661 1325 1818 1388 quae
1869 1305 2104 1380 etiam,
2149 1304 2668 1387 dispensatione
2713 1306 2782 1368 in

884 1409 1079 1473 curia
1110 1409 1431 1474 Romana
1463 1406 1612 1489 jam
1646 1403 2052 1487 praehabita,
2091 1403 2236 1466 Ead
2247 1402 2506 1480 wardo,
2536 1411 2782 1486 supra-

888 1507 1057 1571 dicti
1086 1506 1269 1588 regis
1306 1503 1678 1569 Eadwardi
1720 1503 1882 1578 filio,
1923 1502 2216 1584 nuptiali
2256 1501 2516 1565 soedere
2549 1521 2627 1566 se
2664 1521 2782 1584 pa-

888 1607 1175 1671 rabatur
1236 1604 1449 1668 fuisse
1510 1601 1924 1684 copulanda,
1981 1601 2051 1664 in
2119 1600 2344 1664 insula
2414 1598 2788 1683 Orkeneya

568 1721 771 1764 nochor
888 1704 1306 1786 defungitur.
1416 1700 1776 1778 Alienora,
1830 1701 2071 1782 regina
2145 1698 2444 1781 Angliae,
2527 1700 2788 1764 domini

566 1783 765 1864 3¹:552...
890 1806 1075 1885 regis
1108 1820 1413 1878 consol-S,
1454 1817 1552 1863 ιν.
1587 1798 1730 1864 kal.
1763 1798 2091 1863 Decemb.
2146 1795 2267 1882 [28
2315 1796 2568 1884 Nov.],
2599 1799 2787 1881 apud

895 1903 967 1967 H
974 1903 1255 1986 erdeby,
1271 1901 1343 1964 in
1365 1899 1697 1964 comitatu
1730 1897 2216 1974 Lincolniensi,
2235 1898 2396 1961 vitae
2422 1899 2786 1962 terminum

536 2011 585 2050 θ
892 2001 1095 2080 fecit3
1140 1999 1417 2082 sepulta
1448 2005 1680 2062 autem
1725 2003 1833 2061 est
1878 1997 2062 2080 apud
2092 1996 2790 2062 Westmonasterium

895 2119 1053 2165 cum
1114 2104 1457 2182 apparatu
1516 2096 1768 2160 celebri
1815 2103 1898 2159 'et
1951 2103 2386 2179 sumptuoso,
2435 2111 2593 2162 xvi.
2651 2095 2791 2162 kal.

897 2200 944 2264 J
950 2218 1191 2265 anuar.
1259 2193 1378 2282 [17
1435 2193 1666 2281 Dec.].
1792 2193 1951 2272 Quo
2003 2195 2213 2272 facto,
2277 2194 2598 2258 dominus
2667 2215 2791 2258 rex

895 2317 1138 2362 versus
1189 2296 1602 2382 Ayisrigge,
1632 2293 2140 2358 heremitorium
2197 2294 2465 2357 comitis
2520 2292 2791 2359 Cornu·

897 2397 1056 2472 biae,
1090 2395 1349 2460 Natale
1384 2393 1823 2458 Dominicum
1852 2393 2323 2456 celebraturus
2355 2392 2663 2458 divertit.

597 2515 855 2559 Α.1).1291.
1005 2495 1225 2559 Facta
1278 2499 1387 2557 est
1435 2491 1711 2574 eclipsis
1760 2492 1948 2556 lunae
1999 2509 2128 2556 XV.
2181 2489 2324 2555 kal.
2375 2491 2618 2557 Martii
2673 2488 2802 2577 [15

574 2581 812 2674 {⁶2¹3}ss
903 2592 1127 2675 Feb.].
1188 2591 1407 2657 Sexto
1436 2591 1530 2656 id.
1575 2590 1775 2655 Febr.
1808 2591 1884 2673 [8
1909 2591 2138 2671 Feb.],
2177 2590 2580 2668 Londoniae,
2611 2593 2798 2657 circa

900 2692 1141 2757 horam
1191 2692 1507 2774 primam,
1557 2690 1790 2754 subito
1841 2696 1910 2754 et
1967 2690 2320 2772 inopinate
2365 2690 2668 2755 intonuit
2711 2692 2796 2755 de

900 2792 1079 2855 coelo
1125 2791 1466 2854 Dominus
1510 2795 1655 2853 tam
1688 2788 2021 2854 violenter
2064 2797 2136 2853 et
2179 2790 2424 2855 acerbe
2451 2791 2642 2872 quod
2673 2809 2794 2854 au-

578 2910 714 2949 reae
900 2888 1231 2952 dientium
1260 2888 1470 2953 corda
1501 2888 1908 2955 mirabiliter
1929 2894 2093 2951 sunt
2124 2890 2509 2970 perterrita.
2606 2890 2798 2954 Inter

578 2960 771 3106 ΞΞΞΞ
794 3056 881 3097 ma
904 2987 1261 3051 ecclesiam
1314 2987 1708 3051 Romanam
1753 2994 1824 3051 et
1861 2986 2228 3064 Karolum,
2257 3008 2486 3069 regem
2519 2988 2796 3064 Siciliae,

581 3107 729 3158 Sicily.
771 3084 784 3105 ⁹
906 3105 1000 3151 ex
1044 3104 1187 3150 una
1232 3093 1456 3170 parte,
1488 3092 1561 3149 et
1611 3084 1921 3162 Petrum,
1956 3105 2191 3168 regem
2226 3084 2662 3168 Arragoniae,
2707 3105 2796 3152 ex

905 3186 1166 3263 altera3
1216 3205 1449 3269 regem
1500 3184 1814 3249 Franciae
1865 3203 1954 3248 ex
2009 3204 2150 3248 una
2183 3193 2404 3267 parte,
2449 3193 2522 3250 et
2564 3205 2796 3269 regem

910 3285 1321 3369 Arragoniae
1364 3304 1457 3351 ex
1500 3284 1763 3363 altera;
1810 3285 2002 3360 item,
2045 3303 2278 3366 regem
2353 3285 2662 3349 Franciae
2707 3306 2795 3351 ex

906 3402 1047 3450 una
1080 3392 1303 3465 parte,
1338 3391 1408 3448 et
1454 3402 1684 3464 regem
1741 3383 2105 3466 Hispaniae
2154 3402 2243 3446 ex
2289 3385 2535 3461 altera,
2568 3386 2796 3449 multi-

906 3481 1127 3543 modis
1191 3482 1482 3555 damniS,
1542 3480 1844 3547 caedibus
1913 3490 1984 3546 et
2047 3482 2584 3559 calamitatibus,
2645 3484 2798 3547 hinc

904 3577 1061 3641 inde
1124 3579 1692 3659 praecedentibus,
1751 3599 1916 3661 rege
1984 3582 2330 3664 praecipue
2379 3580 2659 3663 Angliae
2727 3604 2799 3647 se

902 3676 1421 3755 intermittente,
1451 3685 1522 3742 et
1573 3680 1860 3757 nuncios
1919 3698 2086 3743 suos
2142 3680 2510 3745 sollemnes
2543 3682 2635 3745 ad
2680 3701 2802 3764 pa·-

904 3795 1053 3841 cem
1081 3777 1588 3860 procurandam
1620 3786 1692 3841 et
1721 3778 2148 3843 formandam
2177 3780 2266 3843 ad
2297 3787 2532 3863 partes
2574 3789 2797 3845 trans·

903 3877 1207 3942 marinas
1236 3878 1772 3955 transmittente,
1805 3896 1943 3960 pax
1979 3883 2051 3941 et
2081 3878 2448 3942 concordia
2476 3877 2670 3944 facta
2699 3887 2799 3944 est

578 3988 819 4079 {gagg-o·
904 3960 977 4039 et
998 3975 1423 4039 confirmata.
1529 3974 1709 4053 Quae
1758 3983 1991 4043 tamen
2041 3977 2234 4041 brevi
2265 3984 2424 4059 post
2471 3986 2798 4062 tempore,

906 4074 1119 4139 Petro
1174 4073 1490 4138 videlicet
1544 4074 1955 4156 Arragoniae
2017 4094 2180 4156 rege
2233 4083 2530 4152 mortuo,
2588 4077 2635 4141 J
2643 4097 2798 4141 aco·

902 4172 1153 4255 boque,
1184 4173 1395 4237 fratre
1438 4192 1593 4251 suo,
1643 4192 1930 4259 regnum
1967 4174 2242 4240 Siciliae‘
2265 4174 2554 4239 viriliter
2598 4195 2796 4241 occu-
