3107 5054
862 470 995 537 234
1374 482 1872 535 comum-no
1915 486 2268 537 cnaomex

538 666 755 717 mun.
862 650 1178 727 excepto.
1286 642 1628 709 Dominus
1667 662 1794 707 rex
1827 641 2136 723 Angliae,
2163 660 2308 709 una
2339 661 2496 707 cum
2524 642 2770 724 regina

538 718 803 817 32⁴¹}ss
862 751 935 809 et
968 745 1192 809 tribus
1222 742 1499 809 filiabus
1530 744 1705 821 suis,
1738 750 1906 807 vota
1936 743 2007 807 iu
2043 762 2300 837 guerra
2323 762 2457 807 sua
2489 741 2766 807 walliae

861 844 1051 909 facta
1085 843 1241 909 Deo
1268 850 1341 908 et
1378 850 1628 909 sancto
1657 843 2013 907 soluturus
2047 842 2479 920 Eadmundo,
2509 859 2590 907 x,
2621 840 2766 905 kal.

864 941 1111 1013 Martii
1171 942 1291 1025 [20
1335 942 1537 1025 Feb.]
1587 962 1747 1007 cum
1800 960 2058 1024 magna
2112 941 2482 1008 devotione
2529 949 2602 1007 et
2657 962 2767 1005 re-

863 1042 1179 1109 verentia
1220 1041 1471 1107 ibidem
1518 1042 1838 1119 accessit,
1879 1042 2015 1107 iter
2062 1042 2136 1107 in
2181 1039 2490 1107 erastino
2519 1016 2764 1106 versus

864 1140 1333 1220 Norfolcham,
1372 1141 1493 1207 ubi
1546 1160 1814 1207 moram
1862 1160 1990 1223 per
2041 1147 2262 1205 totam
2307 1142 2530 1206 traxit
2565 1140 2765 1220 Qua-

862 1240 1322 1325 dragesimam
1350 1247 1778 1324 sequentem,
1807 1248 2236 1323 arrepturus.
2298 1239 2444 1319 Qui
2484 1240 2765 1323 quidem

861 1359 1141 1406 suorum
1223 1341 1789 1424 diversorumque
1869 1340 2386 1423 progenitorum
2479 1360 2766 1405 suorum

860 1438 1303 1505 munimentis
1352 1440 1425 1503 in
1476 1440 1668 1505 nullo
1729 1438 2122 1517 deferendo,
2181 1438 2516 1522 pondera,
2573 1459 2768 1503 men-
2847 1499 2852 1504 .

860 1558 1061 1603 suras
1106 1545 1177 1602 et
1228 1538 1431 1603 ulnas
1461 1539 1649 1604 villae
1694 1539 1767 1603 S.
1803 1537 2194 1605 Eadmundi
2231 1558 2356 1621 per
2397 1540 2766 1603 marescal-

859 1637 1003 1701 lum
1034 1656 1239 1701 suum
1283 1657 1787 1717 mensurarum,
1815 1638 2003 1721 quod
2043 1645 2353 1721 tempore
2390 1638 2616 1720 patris
2653 1640 2766 1701 sui

858 1736 991 1802 hoc
1052 1736 1266 1803 semel
1326 1738 1588 1803 factum
1645 1739 1877 1804 fuerat
1929 1747 2074 1803 tum
2139 1738 2536 1820 allegando,
2599 1738 2768 1803 fecit

858 1836 1264 1903 examinari.
1359 1837 1916 1902 Emolumentum
1980 1845 2214 1902 tamen
2273 1857 2364 1901 ex
2414 1837 2538 1901 illo
2581 1837 2767 1915 visu,

858 1938 1303 2019 omniumque
1332 1937 1607 2002 visuum
1650 1938 1724 2002 in
1767 1937 2186 2002 adventibus
2237 1937 2384 2002 suis
2423 1944 2497 2001 et
2541 1935 2766 2001 haere-

856 2035 1022 2099 dum
1072 2055 1357 2100 suorum
1400 2035 1842 2118 provenienS,
1887 2036 2309 2119 reparationi
2361 2043 2434 2100 et
2475 2035 2764 2101 decora-

858 2135 1031 2201 tioni
1072 2135 1307 2201 feretri
1348 2136 1578 2201 sancti
1621 2135 1965 2201 concessit
1993 2134 2408 2213 Eadmundi,
2445 2143 2518 2201 et
2561 2143 2767 2201 carta

856 2254 988 2300 sua
1028 2235 1487 2301 confirmavit.
1587 2235 1682 2300 Et
1711 2235 1876 2316 quia
1919 2234 2213 2299 sacrista
2253 2241 2326 2299 et
2367 2233 2611 2299 ballivi
2651 2238 2768 2300 sui

858 2353 982 2416 per
1010 2336 1391 2417 burgenses
1419 2334 1611 2400 villae
1651 2334 2062 2416 allegantes,
2105 2333 2298 2417 quod
2339 2334 2414 2397 in
2455 2333 2767 2401 adventu

858 2439 1130 2497 tantum
1204 2434 1397 2515 regio
1475 2432 1876 2517 hujusmodi
1937 2434 2130 2499 visus
2189 2433 2340 2498 fieri
2397 2434 2761 2513 debuerat,

857 2531 1191 2598 hactenus
1220 2533 1583 2615 praepediti
1609 2534 1992 2600 extiterunt
2020 2552 2065 2598 a
2097 2553 2572 2600 mensurarum
2603 2536 2762 2600 visu

854 2631 1195 2711 faciendo,
1254 2633 1644 2698 ordinatum
1697 2640 1829 2712 est,
1889 2651 2016 2716 per
2078 2634 2445 2700 consilium
2500 2635 2764 2700 domini

858 2733 1042 2815 regis
1070 2743 1143 2798 et
1177 2732 1513 2809 sacristae,
1560 2735 1690 2798 sub
1733 2734 2044 2816 periculo
2085 2733 2430 2799 libertatis
2459 2735 2646 2800 villae
2685 2736 2764 2800 in

857 2851 1137 2896 manum
1165 2832 1421 2897 domini
1450 2833 1634 2914 regis
1675 2833 2054 2915 capiendae,
2085 2840 2428 2915 quatenus
2459 2834 2760 2917 singulis

858 2931 1055 2994 annis
1115 2931 1223 2994 bis
1293 2930 1692 3013 hujusmodi
1763 2933 2351 3000 examinationem
2413 2933 2758 3012 faciendo,

856 3030 1231 3110 burgenses
1292 3029 1607 3113 aliosque
1662 3032 1750 3097 de
1804 3033 1977 3098 villa
2028 3031 2117 3097 ad
2169 3033 2526 3116 corporale
2581 3053 2760 3117 prae-

854 3129 1181 3194 standum
1213 3131 1586 3213 compellat
1613 3137 2162 3213 sacramentum3
2205 3132 2762 3198 contradicentes

856 3230 1078 3312 primo
1120 3249 1245 3312 per
1286 3231 1676 3313 pecuniam,
1705 3230 2034 3308 secunde,
2069 3232 2132 3296 si
2175 3229 2400 3314 major
2443 3232 2761 3299 extiterit

856 3332 1313 3408 contumacia,
1382 3350 1508 3414 per
1562 3331 2201 3408 incarcerationem,
2264 3331 2483 3396 donec
2544 3351 2758 3415 super

856 3447 1092 3494 eorum
1146 3429 1696 3512 transgressione
1744 3449 1872 3496 rex
1917 3431 2344 3508 consulatur,
2387 3430 2756 3512 puniendo,

860 3525 1159 3591 Domino
1213 3547 1400 3608 rege,
1442 3536 1524 3594 ut
1573 3529 1838 3594 dictum
1895 3537 2027 3607 est,
2079 3529 2153 3594 in
2206 3530 2525 3613 partibus
2563 3530 2637 3596 N
2640 3551 2754 3594 or-

536 3651 794 3690 ron-men
857 3624 1131 3690 folchiae
1176 3645 1443 3692 moram
1490 3628 1810 3707 faciente,
1863 3636 2016 3694 tota
2059 3630 2518 3696 communitas
2567 3630 2756 3695 villae

532 3699 799 3841 Ξὲέξέιῗέα
858 3723 1180 3809 Gipwyc,
1216 3726 1402 3808 apud
1440 3727 1670 3811 ipsum
1715 3747 1952 3812 regem
1993 3728 2322 3793 diversis·
2335 3728 2757 3794 facinoribus

752 3827 763 3839 '
854 3832 1207 3904 accusata,
1242 3832 1315 3891 et
1341 3827 1413 3891 in
1448 3846 1703 3910 magna
1731 3835 1931 3910 parte
1965 3828 2308 3906 convicta,
2341 3826 2414 3892 in
2448 3829 2760 3894 maxima

853 3926 1165 4008 pecuniae
1218 3945 1488 3991 summa
1544 3934 1652 3990 est
1713 3928 2208 4003 condemnata;
2291 3934 2364 3992 et
2415 3935 2757 4009 praeterea

853 4041 1020 4089 xm.
1077 4026 1165 4090 de
1221 4026 1618 4092 melioribus
1685 4027 1900 4092 totius
1964 4027 2149 4092 villae
2212 4045 2336 4109 per
2394 4026 2752 4093 dimidium

851 4143 1105 4188 annum
1161 4145 1285 4208 per
1342 4126 1618 4192 diversa
1668 4124 1946 4209 Angliae
1996 4127 2152 4192 loca
2205 4126 2539 4191 carcerali
2591 4134 2757 4192 sunt

442 4312 459 4326 ·
529 4244 627 4284 wat
638 4245 826 4285 between
850 4223 1184 4289 custodiae
1213 4224 1551 4307 deputati.
1609 4225 2002 4310 Philippus,
2039 4246 2164 4292 rex
2197 4225 2539 4304 Franciae,
2569 4227 2755 4292 circa
