3107 5054
752 498 1136 547 rmnnwrn
1184 498 1744 549 w1oonmnNs1s.
2118 486 2206 551 15

300 663 463 722 acta
508 664 673 721 sunt
722 656 897 733 haeo,
953 662 1025 720 et
1078 654 1329 720 insiliis
1384 656 1891 737 stolidis-simin
1944 656 2201 723 idcirco

306 758 465 822 volo
498 764 569 821 te
598 757 777 821 scire
820 774 947 838 pro
980 763 1173 821 certo
1214 755 1381 839 quia
1426 764 1501 820 et
1542 776 1653 821 me
1686 763 1758 821 et
1792 764 1862 821 te
1896 776 2202 821 omnem-

305 876 441 939 que
472 856 807 921 familiam
836 874 1062 921 meam
1096 862 1237 922 tuae
1260 855 1518 937 ling'uae
1542 856 1894 939 peremisti
1921 856 2203 938 gladio?

307 956 473 1021 Hoc
527 956 739 1033 dicto,
788 954 859 1018 in
921 954 1287 1019 castellum·
1338 974 1414 1019 se
1440 956 1802 1038 ⁴proripuit
1854 956 2203 1034 festinato,

307 1054 819 1138 confestimque·
854 1054 1117 1119 nuntiis
1160 1072 1285 1136 per
1331 1054 1906 1138 Northymbriam
1950 1058 2205 1134 missis,

308 1156 625 1220 omnibus
674 1154 985 1218 nuntiari
1038 1154 1338 1231 curavit,
1397 1171 1473 1219 se
1528 1155 1715 1219 necis
1774 1155 1980 1220 Liulfi
2027 1172 2202 1219 con-

309 1256 533 1319 scium
593 1274 733 1317 non
755 1264 769 1294 -“
797 1253 1035 1330 fuisse,
1100 1254 1268 1336 quin
1328 1254 1560 1335 potius
1617 1254 1767 1337 ejus
1827 1256 2204 1319 occisorem

312 1354 747 1418 Gilebertum
814 1371 1187 1435 omnesque
1238 1354 1462 1417 socios
1516 1353 1738 1437 ipsius
1798 1354 1885 1418 de
1939 1352 2203 1419 North-

311 1454 584 1537 ymbria
657 1452 932 1536 penitus
1015 1452 1405 1534 exlegasse,
1488 1472 1572 1517 ac
1653 1461 1979 1536 paratum
2057 1454 2208 1519 fore

313 1554 759 1636 semetipsum
812 1571 1113 1634 purgare
1160 1552 1549 1615 secundum·
1581 1552 1922 1637 judicium
1975 1555 2206 1635 ponti-

312 1652 534 1716 ficale.
582 1723 593 1733 ,
639 1652 849 1729 Dein,
880 1651 1115 1715 missis·
1136 1651 1774 1730 intercurrentibuS,
1807 1652 1924 1716 ille
1966 1669 2210 1734 paren-

315 1738 562 1833 tesque
608 1752 1023 1827 occisorum,
1067 1769 1239 1833 pace
1284 1751 1373 1815 ad
1416 1750 1711 1816 invicem
1762 1751 1930 1816 data
1973 1759 2051 1815 et‘
2094 1764 2212 1815 ac·

316 1859 549 1935 cepta,
592 1851 823 1915 locum
852 1855 925 1914 et
966 1850 1148 1915 diem
1195 1862 1335 1932 quo
1379 1850 1745 1915 convenire
1788 1850 2106 1933 interque
2137 1870 2214 1916 se

318 1970 563 2035 pacem
595 1950 962 2014 firmiorem
1004 1949 1232 2013 facere
1272 1957 1584 2032 possent,
1617 1958 1947 2017 statuere.
2051 1950 2216 2029 Quo

319 2050 755 2127 adveniente,
798 2049 952 2114 loco
984 2049 1363 2113 constituto
1404 2049 1493 2113 in·
1521 2067 1750 2114 unum*
1787 2063 2211 2126 convenere3

321 2170 564 2216 verum
596 2168 773 2213 cum·
795 2148 937 2212 illis
966 2149 1333 2231 episcopus
1364 2149 1493 2212 sub
1538 2146 1704 2213 divo
1747 2150 1969 2216 noluit
1999 2150 2216 2231 placi-

324 2258 500 2326 tare,
552 2250 678 2313 sed
730 2249 804 2312 in
860 2248 1217 2313 ecclesiam
1272 2266 1429 2331 quae
1478 2248 1579 2311 ibi
1631 2255 1805 2325 erat,
1860 2266 2016 2311 cum
2071 2250 2216 2313 suis

324 2350 595 2421 clericis
640 2367 723 2413 ac
770 2346 1389 2412 honorabilioribus
1424 2348 1756 2411 militibus
1801 2346 2114 2424 intravit,
2148 2355 2218 2411 et

326 2448 613 2514 consilio
677 2448 939 2523 habito,
1000 2447 1213 2511 semel
1260 2454 1333 2511 et
1392 2448 1654 2511 iterum·
1705 2442 1792 2511 de
1849 2448 1992 2512 suis
2045 2466 2220 2531 quos

327 2550 577 2626 voluit,
608 2569 734 2632 pro
766 2567 939 2631 pace
967 2548 1303 2624 facienda,
1334 2547 1533 2612 foras·
1548 2549 1639 2612 ad
1670 2567 1789 2612 eos
1823 2543 2028 2612 misit.
2121 2547 2222 2614 At

328 2650 429 2713 illi
460 2667 900 2730 nequaquam
950 2648 1187 2730 petitis
1232 2649 1786 2730 acquiescebant,
1819 2649 1985 2730 quia
2036 2647 2226 2727 Liul-

328 2749 475 2814 sum
522 2747 711 2813 illius
752 2748 1069 2832 jussione
1125 2755 1557 2830 peremptum
1599 2747 1814 2812 fuisse
1859 2766 1986 2831 pro
2034 2755 2225 2812 certo

328 2848 721 2912 credebant.
829 2846 1018 2911 Nam
1096 2846 1527 2911 Gileberttim
1605 2846 1897 2930 ejusque
1969 2846 2222 2923 socios,

331 2955 537 3012 nocte
591 2953 753 3028 post
801 2965 1037 3011 necem
1092 2945 1464 3029 propinqui
1516 2947 1654 3010 sui·
1683 2947 2028 3029 proxima,
2085 2961 2226 3010 non

332 3047 557 3111 solum
591 3047 665 3109 in
692 3046 969 3111 domum
1006 3064 1201 3110 suam
1241 3045 1654 3110 Leobwinus
1699 3046 2127 3110 familiariter
2157 3053 2230 3110 et
2281 3121 2288 3124 ,

332 3146 789 3210 amicabiliter
818 3145 1145 3228 suscepit,
1176 3164 1416 3209 verum
1446 3146 1653 3210 etiam
1683 3145 2050 3227 episcopus
2081 3145 2230 3228 ipse

331 3246 555 3322 illum,
615 3252 696 3309 ut
748 3245 963 3326 priuS,
1016 3245 1093 3308 in
1152 3263 1351 3308 suam
1403 3241 1698 3326 gratiam
1760 3241 2230 3326 familiamque

332 3345 613 3427 recepit.
719 3343 923 3408 Unde
982 3362 1243 3420 omneS,
1309 3344 1429 3425 qui
1492 3362 1585 3408 ex
1642 3349 1842 3424 parte
1897 3343 2232 3406 antistitis

332 3445 507 3509 foris
541 3443 803 3507 inventi
848 3442 1147 3520 fuerant,
1183 3443 1501 3525 primitus
1536 3443 1959 3520 occiderunt,
1991 3441 2232 3525 paucis

332 3545 509 3625 fuga
562 3543 957 3608 reservatis,
1060 3541 1221 3620 Quo
1277 3543 1453 3620 viso,
1508 3549 1592 3606 ut
1652 3542 1954 3607 hostium
2018 3542 2236 3605 furori

332 3642 796 3720 satisfaceret,
851 3642 1315 3725 propinquum
1356 3659 1584 3718 suum,
1631 3634 1998 3724 praefatum
2047 3640 2235 3705 Gile-

332 3743 640 3818 bertum,
712 3742 909 3825 cujus
984 3743 1217 3806 anima
1286 3742 1750 3824 quaerebatur,
1822 3741 2078 3822 praesul
2151 3739 2238 3803 de

334 3842 635 3906 ecclesia
666 3839 881 3923 jussit
928 3841 1165 3904 exire:
1221 3860 1423 3922 quem
1476 3840 1936 3922 egredientem
1984 3839 2237 3902 milites

332 3941 795 4024 repugnaturi
826 3960 865 4005 e
910 3940 1209 4020 vestigio
1252 3947 1417 4004 sunt
1454 3941 1717 4015 secuti;
1775 3938 1896 4002 sed
1941 3957 2130 4002 mox·
2151 3939 2238 4002 ab

330 4041 661 4104 hostibus
706 4040 1011 4123 undique
1064 4039 1315 4121 gladiis
1366 4048 1438 4103 et
1486 4039 1748 4104 lanceis
1807 4037 2120 4122 appetiti,
2167 4037 2240 4100 in

332 4147 694 4204 momento
727 4147 890 4204 sunt
916 4141 1284 4222 perempti,
1316 4139 1584 4202 duobus
1625 4145 1896 4202 tantum
1927 4137 2244 4220 Anglicis

328 4240 679 4306 ministris
726 4248 1011 4324 propter
1056 4237 1732 4321 consanguinitatem
1771 4243 2244 4322 pepercerunt.
