3107 5054
860 458 991 527 208
1364 474 1858 527 commuuio
1902 474 2284 525 canorum·
2321 486 2330 493 ·

864 648 1193 713 percussa
1240 638 1349 695 est
1395 630 1706 697 ecclesiae
1761 630 1972 696 turris
2021 629 2426 715 principalis
2475 631 2547 693 in
2607 636 2766 694 tan-

863 736 1007 794 tum
1032 737 1112 795 ut
1138 731 1572 813 tempestatis
1599 729 1788 797 illius
1805 730 2136 795 violentia
2161 730 2474 796 nonnulli
2493 729 2770 813 lapides

864 828 1089 893 evulsi
1147 829 1235 893 ad
1284 830 1439 894 loca
1498 830 1872 894 remotiora
1916 830 2258 895 violenter
2311 836 2474 893 sunt
2531 837 2769 894 trans-

866 929 1163 1011 portati;
1237 930 1421 1012 quod
1473 929 1750 1012 quidem
1818 949 1955 993 non
2016 930 2162 993 sine
2234 930 2552 1012 prodigio
2610 929 2771 993 uni-

768 1046 779 1065 ‘
869 1029 1087 1093 versis
1150 1035 1411 1093 sanctae
1478 1028 1720 1093 matris
1793 1027 2104 1093 ecclesiae
2180 1028 2343 1092 filiis
2419 1029 2768 1109 stupendo

865 1128 1027 1192 licet
1073 1128 1462 1209 contigisse.
1567 1126 1656 1190 In
1711 1128 2016 1192 crastino
2062 1128 2246 1191 enim
2299 1127 2366 1191 S.
2404 1127 2771 1195 Laurentii

869 1228 985 1309 [ll
1018 1225 1268 1313 Aug.],
1302 1246 1481 1291 anno
1532 1226 1797 1303 eodem,
1850 1233 2010 1309 post
2055 1227 2355 1291 insultus
2395 1226 2772 1292 nonnullos

780 1318 793 1335 ‘
864 1326 937 1389 in
997 1328 1382 1408 prioratum
1436 1344 1906 1408 saepenumero
1969 1326 2217 1400 factos,
2283 1332 2442 1409 post
2499 1326 2788 1409 januas.

865 1433 1246 1489 conventus
1280 1427 1366 1489 ab
1407 1444 1648 1490 eorum
1680 1425 1947 1488 aemulis
1977 1425 2316 1489 violenter
2344 1425 2770 1502 confractae,

867 1543 1130 1588 necnon
1200 1524 1375 1589 alias
1445 1524 1736 1608 injurias
1809 1543 2120 1590 enormes
2183 1523 2439 1607 saepius
2503 1524 2768 1601 illatas,

866 1624 1104 1687 statim
1150 1630 1311 1706 post
1354 1632 1736 1689 conventus
1781 1622 2237 1699 refectionem,
2297 1624 2387 1688 ad
2443 1630 2764 1687 sanctam

872 1730 1161 1787 matrem
1231 1743 1431 1787 suam
1498 1723 1860 1787 ecclesiam
1933 1730 2398 1800 accesserunt,
2451 1722 2770 1806 ejusdem

871 1830 1129 1888 sanctae
1157 1824 1398 1887 matris
1424 1822 1547 1887 filii
1582 1823 2032 1904 spurcissimi,
2055 1829 2208 1887 tota
2233 1822 2553 1887 videlicet
2581 1842 2767 1887 com-

872 1924 1174 1986 munitas
1218 1922 1523 1986 civitatis
1559 1921 1891 1999 Norwici,
1942 1941 2252 1997 numero,
2307 1929 2388 1986 ut
2433 1922 2768 1999 creditur,

871 2029 1113 2085 XXXII.
1168 2022 1642 2085 strenuissime
1696 2028 2162 2096 armatorum;
2240 2022 2360 2103 qui
2413 2039 2555 2084 una
2603 2041 2764 2085 cum

869 2120 1172 2184 civitatis
1202 2120 1602 2187 mulieribus
1639 2120 1870 2201 ignem
1912 2141 2036 2204 per
2071 2120 2230 2184 loca
2268 2120 2544 2184 diversa
2579 2122 2767 2203 prio·

871 2226 1065 2291 ratus
1096 2227 1543 2302 apponenteS,
1567 2219 1928 2283 ecclesiam
1962 2227 2326 2303 totumque
2354 2220 2768 2301 prioratum,

868 2325 1120 2400 praeter
1159 2320 1294 2383 tria
1325 2319 1433 2382 vel
1464 2325 1767 2402 quatuor
1801 2318 2090 2385 aedificia
2133 2320 2314 2383 inter
2355 2326 2610 2383 caetera
2643 2320 2770 2384 vix

868 2417 1313 2495 numeranda,
1363 2437 1572 2500 opere
1625 2425 1856 2483 tamen
1910 2418 2208 2500 lapideo,
2262 2417 2385 2481 sed
2443 2437 2570 2481 nec
2632 2418 2768 2485 hoc

867 2517 1145 2598 penitus
1220 2527 1540 2600 excepto,
1614 2518 1684 2581 in
1760 2518 2023 2582 cineres
2120 2517 2540 2600 redigerunt,
2617 2538 2768 2584 mo-

868 2615 1124 2680 nachos
1184 2636 1348 2682 vero
1402 2615 1547 2682 fere
1609 2636 1846 2682 omnes
1901 2617 2250 2699 fugarunt.
2355 2618 2465 2682 De
2521 2637 2766 2682 eorum

870 2736 1147 2799 quoque
1186 2717 1645 2782 servientibus
1682 2717 1970 2798 triginta
1999 2717 2110 2781 vel
2140 2736 2224 2781 eo
2253 2716 2440 2782 circa
2470 2717 2770 2782 diversis

869 2816 1359 2899 suppliciorum
1389 2817 1776 2898 generibus,
1801 2824 1871 2882 et
1896 2816 2023 2880 hos
2045 2817 2117 2880 in
2133 2817 2394 2898 gremio
2424 2825 2766 2894 materne,

871 2916 1023 2978 neci
1053 2915 1509 2979 tradiderunt.
1579 2914 1752 2984 Illos
1784 2935 1827 2978 a
1855 2917 2119 2997 gremio
2139 2915 2404 2992 eodem,
2424 2923 2764 2998 tanquam

870 3033 913 3076 a
972 3014 1215 3078 matris
1278 3015 1666 3078 abstractos
1722 3016 2066 3091 uberibus,
2119 3022 2190 3079 et
2248 3022 2411 3079 ante
2457 3015 2770 3079 tribunal

867 3113 1221 3196 proprium
1280 3114 1636 3190 adductos),
1703 3114 1876 3177 nulli
1953 3121 2316 3197 parcentes
2383 3115 2581 3178 aetati
2643 3122 2772 3179 aut-

868 3213 1115 3292 ordini,
1173 3213 1412 3279 eadem
1469 3214 1817 3277 sententia
1873 3213 2394 3278 damnaverunt.
2509 3213 2772 3278 Omnia·

870 3314 1081 3377 etiam
1132 3315 1460 3396 pretiosa,
1525 3319 1667 3376 tam
1729 3312 1801 3375 in
1877 3311 2329 3390 thesaurariO,
2409 3314 2765 3391 vestiario,

873 3413 1258 3489 refectorio,
1294 3431 1501 3495 quam
1538 3413 1748 3476 etiam
1798 3412 1870 3476 in
1905 3412 2174 3476 caeteris
2217 3411 2529 3477 ecclesiae
2573 3413 2761 3477 illius

870 3509 1181 3587 officinis,
1213 3517 1284 3574 et
1314 3511 1626 3588 almaria,
1657 3530 1742 3574 ea
1773 3511 2086 3576 minutim
2133 3511 2652 3593 confringentes
2695 3518 2765 3575 et

869 3607 1351 3690 depraedantes
1405 3616 1874 3692 asportarunt.
1978 3610 2308 3675 Monachi
2354 3630 2546 3686 vero,
2583 3628 2768 3675 unus

868 3715 1029 3789 post
1074 3707 1284 3776 alium
1332 3708 1513 3774 clam
1568 3708 1932 3791 fugientes,
1973 3709 2094 3773 vix
2139 3710 2286 3776 vita
2335 3711 2614 3786 comite,
2659 3728 2766 3774 re·

868 3815 1243 3873 cesserunt.
1349 3808 1770 3877 Convocato·
1815 3808 2032 3889 igitur
2090 3808 2200 3872 die
2257 3808 2771 3874 Decollationis‘

868 3907 937 3972 S.
974 3906 1316 3973 Johannis
1379 3907 1722 3991 Baptistae
1773 3904 1892 3990 [29
1952 3905 2201 3994 Aug.],
2257 3908 2442 3990 apud
2512 3907 2763 3991 Eyam,

868 4007 1079 4070 totius
1105 4008 1562 4090 episcopatus
1596 4007 1916 4083 concilio,
1954 4014 2100 4070 tam
2145 4008 2518 4090 episcopus
2553 4017 2760 4089 'quam

867 4105 1227 4170 universus
1267 4106 1575 4189 episcopi
1609 4104 1832 4171 clerus
1879 4103 2130 4170 ibidem
2181 4112 2654 4188 cong-regatus
2694 4106 2764 4170 in

867 4203 1125 4277 dictum
1158 4205 1428 4271 facinus
1459 4213 1963 4288 perpetrantes,
1992 4225 2230 4272 omnes
2260 4206 2468 4271 etiam
2499 4205 2770 4281 favore,-
