3107 5054
681 477 776 544 88
1177 495 1679 544 con-rmunm
1732 495 2083 544 cnaomcl

686 651 1130 736 praecipimus
1181 673 1268 717 ne
1327 654 1417 717 ab
1469 654 1709 735 aliqua
1762 659 2109 735 potestate
2160 651 2425 717 minore
2488 652 2599 716 vel

688 753 952 836 majore
999 753 1461 830 detineantur,
1517 753 1643 817 sed
1696 753 1909 816 libere
1956 753 2210 816 eisdem
2262 752 2598 816 ministris

689 852 1002 917 ecclesiae
1073 853 1463 929 tradantur,
1526 860 1599 917 et
1654 852 2145 918 ecclesiasticae
2209 851 2595 935 disciplinae

689 952 802 1017 vel
839 952 1183 1028 servituti,
1216 951 1597 1034 episcopali
1614 951 1901 1035 judicio,
1933 952 2433 1034 mancipentur.

791 1067 919 1114 vn.
973 1050 1074 1115 Ut
1125 1052 1359 1116 nullus
1411 1051 1935 1116 archidiaconus
1986 1052 2059 1116 in
2116 1051 2409 1116 diversis
2447 1050 2594 1134 epi-

691 1149 1092 1232 scopatibus
1141 1150 1450 1216 diversos
1501 1150 2103 1215 archidiaconatus
2162 1158 2419 1227 teneat,
2466 1151 2595 1213 sub

692 1249 1134 1314 anathemate
1186 1250 1668 1333 prohibemus:
1722 1252 1931 1316 immo
1980 1249 2045 1314 ei
2096 1250 2209 1314 cui
2255 1250 2447 1333 prius
2490 1267 2597 1314 as-

693 1348 1008 1430 signatus
1041 1355 1149 1412 est
1177 1356 1446 1414 tantum
1477 1350 1853 1414 adhaereat.

793 1463 952 1512 vm.
995 1448 1346 1531 Episcopi,
1371 1451 1837 1532 presbyteros,
1863 1448 2179 1525 abbates,
2196 1447 2594 1523 monachos,

693 1545 958 1628 priores
987 1547 1357 1630 subjectos
1391 1548 1661 1612 firmam
1692 1555 1927 1612 tenere
1956 1547 2334 1612 inhibeant.

798 1661 904 1708 nx.
952 1646 1301 1723 Decimas,
1343 1647 1524 1712 sicut
1572 1649 1709 1712 Dei
1754 1648 2003 1712 summi
2048 1647 2455 1724 dominicas,
2500 1665 2589 1710 ex

696 1744 966 1826 integro
1001 1745 1194 1809 reddi
1229 1747 1690 1829 praecipimus.

797 1860 875 1912 x.
923 1845 1024 1909 Ut
1057 1845 1252 1909 nulla
1284 1865 1584 1929 persona
1615 1845 1944 1913 ecclesias
1977 1845 2083 1911 vel
2110 1843 2438 1921 decimas,
2468 1863 2592 1909 seu

694 1945 1024 2025 quaelibet
1053 1945 1193 2008 alia
1223 1946 1694 2011 ecclesiastica
1728 1946 2083 2022 beneficia,
2121 1945 2237 2008 det
2270 1944 2381 2008 vel
2414 1945 2595 2008 acci-

692 2043 866 2125 piat,
925 2045 1074 2108 sine
1119 2064 1462 2110 consensu
1513 2055 1587 2110 et
1630 2046 2047 2111 auctoritate
2095 2044 2427 2127 episcopi,
2482 2063 2592 2107 ca-

693 2143 947 2207 nonica
975 2145 1392 2210 auctoritate
1419 2154 1761 2212 vetamus.

794 2259 904 2307 xl.
959 2242 1178 2308 Nulla
1211 2246 1567 2310 abbatissa
1600 2246 1711 2310 vel
1746 2243 2289 2310 sanctimonialis
2315 2242 2597 2306 cariori-

691 2341 821 2405 bus
857 2349 1094 2406 utatur
1125 2343 1567 2423 indumentis,
1603 2365 1813 2428 quam
1842 2345 2113 2428 agninis
2147 2343 2255 2408 vel
2288 2343 2589 2407 cattiniS.

365 2461 459 2501 'rho
477 2463 584 2512 ung
798 2441 958 2505 Rex
977 2441 1188 2522 igitur
1220 2442 1620 2521 HeinricuS‚
1644 2465 1800 2510 cum
1821 2445 2001 2509 inter
2029 2444 2181 2508 haec
2208 2441 2592 2506 Lundoniae

365 2512 652 2602 {giiflssi‘m‘
691 2548 1104 2619 moraretur,
1142 2542 1397 2608 auditis
1441 2546 1713 2609 concilii
1756 2546 1972 2627 gestis
2014 2562 2368 2608 assensum
2413 2560 2592 2624 prae-

366 2614 442 2651 ‘¹⁸⁶
457 2613 642 2653 ΝΜ·
692 2640 868 2718 buit,
935 2644 1350 2707 auctoritate
1422 2645 1618 2725 regia
1684 2652 1755 2709 et
1836 2651 2185 2728 potestate
2249 2642 2591 2707 concessit

693 2745 764 2803 et
793 2741 1229 2807 confirmavit
1277 2750 1545 2808 statuta
1587 2744 1884 2821 concilii,
1916 2764 1959 2809 a
1989 2744 2344 2808 Willelmo
2376 2741 2589 2806 Cant-

691 2840 1013 2904 wariensi
1070 2840 1588 2927 archiepiscopo
1657 2852 1729 2908 et
1774 2843 1846 2908 S.
1880 2843 2219 2908 Romanae
2283 2841 2589 2907 ecclesiae

361 2959 498 3047 ἓξὲξ
509 2960 643 3049 3⁸3¹?
691 2936 948 3019 legato,
978 2940 1162 3022 apud
1192 2940 1888 3008 Westmonasterium
1915 2942 2266 3008 celebrati.
2372 2941 2592 3023 Hugo

361 3039 653 3107 Augustino-i.
691 3036 972 3117 quidam
1024 3040 1325 3115 nomine,
1374 3041 1460 3105 de
1504 3043 1913 3125 episcopatu
1963 3042 2326 3118 Hrofensi,
2372 3042 2591 3105 abbas

687 3135 1075 3216 institutuS,
1097 3158 1142 3202 a
1165 3139 1542 3220 Willelmo,
1563 3142 2021 3206 Doruberniae
2046 3141 2590 3223 archiepiscopo,

687 3234 760 3298 in
818 3236 1153 3315 cicestra,
1206 3240 1599 3317 Dominico,
1660 3242 1779 3323 qui
1846 3240 2004 3318 fuit,
2066 3258 2145 3307 11.
2202 3240 2361 3304 idus
2417 3240 2589 3304 Jun.

691 3331 811 3417 [12
852 3337 899 3401 J
906 3336 1084 3423 un.],
1132 3338 1221 3402 ad
1271 3349 1617 3423 susceptae
1666 3341 2028 3422 dignitatis
2068 3339 2385 3423 gradum,
2430 3358 2589 3421 quae

684 3443 794 3497 est
826 3436 1012 3518 apud
1040 3436 1115 3500 S.
1149 3437 1645 3519 Augustinum,
1676 3441 1925 3505 merito
1951 3441 2209 3505 honore
2232 3446 2591 3523 promotus

358 3550 545 3639 ltfiehard
563 3554 633 3602 up.
685 3538 814 3595 est.
945 3534 1317 3614 Ricardus,
1357 3538 1891 3603 Herefordensis
1942 3541 2335 3623 episcopus,
2370 3554 2589 3603 xvul.

355 3602 631 3690 gammam
683 3627 824 3694 kal.
869 3630 1294 3714 Septembris
1344 3636 1464 3719 [15
1509 3638 1757 3719 Aug.],
1805 3639 1979 3703 feria
2019 3656 2125 3716 11.,
2155 3638 2345 3721 apud
2388 3657 2586 3702 suam

686 3729 922 3794 villam
982 3752 1140 3815 quae
1199 3744 1493 3799 vocatur
1549 3737 2062 3820 Dydelebyrig¹
2111 3738 2319 3811 obiit;
2387 3737 2589 3821 cujus

679 3848 933 3912 corpus
996 3833 1338 3898 Hereford
1398 3835 1729 3914 delatum,
1786 3856 1946 3901 cum
2004 3836 2457 3920 coepiscopis,
2514 3836 2588 3899 in

675 3930 968 3996 ecclesia
1030 3934 1383 4016 sepelitur.
1520 3935 1680 3999 Rex
1753 3934 2144 4017 Anglorum
2210 3932 2587 4001 Heinricus

673 4048 866 4095 mare
903 4034 1200 4098 transiit.

1035 4253 1054 4285 ⁴
1093 4256 1472 4322 Dytlelebyrig]
1513 4260 1779 4310 Ledberia.
1828 4261 1969 4310 Edit.
1994 4263 2093 4309 aad
2115 4261 2177 4311 L.
