3107 5054
827 479 960 545 268
1337 491 1832 542 com-munio
1876 493 2225 541 canorum

833 654 904 711 et
957 643 1308 710 redeundo
1355 663 1400 708 a
1450 643 1668 720 curia,
1720 650 1791 707 et
1844 643 1916 706 in
1981 642 2317 708 morando
2384 645 2455 708 in
2506 643 2727 720 curia,

833 752 905 808 et
937 745 1009 808 in
1039 743 1669 827 procurationibus,
1714 748 1785 806 et
1834 743 1907 806 in
1936 744 2253 808 omnibus
2285 743 2727 808 libertatibus

836 851 908 909 et
935 843 1390 926 dignitatibus
1439 850 1510 908 et
1561 843 1937 907 honoribus
1980 842 2201 908 eidem
2238 843 2400 926 ⁸iure
2452 843 2729 920 debitis,

834 944 1212 1008 secundm
1275 943 1462 1025 quod
1521 949 2056 1023 recognoscetur
2110 961 2155 1005 a
2216 951 2517 1024 quatuor
2565 962 2733 1025 pro-

837 1043 1108 1108 ceribus
1157 1043 1414 1107 nostris
1479 1042 1571 1105 ab
1628 1041 1783 1123 ipso
1835 1040 2187 1105 Willelmo
2242 1061 2409 1123 rege
2464 1042 2733 1119 electis,

839 1149 912 1207 et
965 1162 1012 1207 a
1064 1149 1365 1225 quatuor
1416 1140 1817 1223 proceribus
1872 1139 2061 1204 illius
2117 1159 2162 1205 a
2212 1143 2413 1206 nobis
2464 1142 2729 1206 electis.

842 1241 916 1306 Si
971 1249 1204 1306 autem
1253 1241 1426 1306 fines
1472 1247 1599 1304 aut
1648 1238 1991 1305 marchias
2044 1241 2243 1321 regni
2295 1240 2549 1305 Scotiae
2600 1241 2737 1305 ali-

840 1342 998 1423 quis
1044 1348 1435 1406 nostrorum
1487 1338 1865 1416 hominum,
1928 1345 2297 1422 postquam
2355 1341 2733 1422 praedictus

841 1439 1238 1505 Willelmus
1316 1459 1443 1503 rex
1519 1459 1565 1504 a
1636 1446 1837 1520 patre
1916 1445 2153 1502 nostro
2249 1446 2497 1521 captus
2575 1439 2733 1516 fuit,

841 1539 1284 1620 usurpaverit
1326 1540 1591 1622 absque
1626 1538 1918 1623 judicio,
1972 1539 2293 1602 volumus
2336 1545 2416 1602 ut
2458 1539 2733 1621 integre

749 1657 766 1672 ·
841 1637 1326 1714 restituantur,
1379 1646 1452 1703 et
1503 1639 1594 1702 ad
1646 1657 1807 1703 eum
1838 1645 2099 1703 statum
2142 1638 2559 1703 reducantur
2590 1659 2743 1721 quo.

843 1746 1042 1804 erant
1072 1745 1236 1802 ante
1268 1736 1420 1821 ejus
1468 1738 1883 1820 captionem.
1988 1737 2341 1803 Praeterea
2385 1738 2472 1802 de
2530 1740 2737 1802 terris

844 1837 1012 1914 suis,
1064 1857 1240 1919 quos
1289 1838 1498 1902 habet
1546 1837 1621 1902 in
1654 1837 1939 1918 Anglia,
1992 1857 2119 1902 seu
2179 1836 2537 1901 domaniis²
2602 1858 2729 1902 seu
2779 1872 2806 1895 η

846 1937 1090 2014 feodis,
1169 1937 1431 2001 scilicet
1497 1937 1569 2000 in
1632 1937 1966 2002 comitatu
2047 1937 2426 2001 Huntedon
2502 1944 2573 2000 ct
2653 1939 2728 2000 in

846 2036 1160 2100 omnibus
1236 2036 1417 2113 aliis,
1479 2036 1551 2099 in
1624 2055 1710 2100 ea
1783 2035 2105 2100 libertate
2166 2045 2237 2101 et
2303 2036 2735 2118 plenitudine

843 2135 1218 2216 possideat,
1272 2142 1344 2199 et
1409 2134 1715 2200 haeredes
1776 2135 1887 2198 sui
1960 2135 2033 2197 in
2101 2142 2527 2218 perpetuum,
2591 2155 2733 2217 qua

848 2234 1267 2299 Malcolmus
1317 2235 1625 2316 possedit
1677 2233 1791 2299 vel
1836 2235 2188 2316 possidere
2252 2235 2525 2313 debuit3
2596 2234 2733 2298 nisi

846 2335 1219 2415 praedictus
1277 2333 1719 2411 MalcolmuS,
1775 2333 1889 2398 vel
1934 2334 2239 2399 haeredes
2284 2335 2394 2397 sui
2438 2334 2729 2416 aliquid,

843 2439 1086 2516 postea
1148 2433 1669 2498 infeodaverint.
1762 2432 1879 2497 Ita
1923 2440 2154 2498 tamen
2217 2433 2405 2515 quod
2466 2434 2525 2496 si
2589 2454 2741 2516 qua.

843 2541 1089 2615 postea
1143 2533 1498 2597 infeudata
1558 2540 1745 2608 sunt,
1806 2533 2109 2614 ipsorum
2174 2534 2529 2598 feodorum
2583 2553 2739 2597 ser-

841 2631 1015 2696 vitia
1059 2631 1146 2695 ad
1199 2652 1356 2697 eum
1400 2632 1512 2697 vel
1557 2631 1863 2697 haeredes
1918 2633 2071 2716 ejus
2126 2634 2535 2716 pertincant.
2637 2634 2741 2698 Et

843 2731 905 2797 si
967 2732 1132 2815 quid
1194 2738 1392 2815 pater
1455 2740 1696 2796 noster
1753 2732 2083 2814 praedicto
2132 2732 2511 2809 Willelmo,
2580 2733 2736 2814 regi

845 2831 1122 2909 Scotiae‚
1208 2832 1594 2906 donaverit,
1678 2839 1905 2895 ratum
1980 2838 2053 2895 et
2126 2832 2396 2897 firmum
2478 2833 2735 2897 habere

843 2930 1187 2995 volumus·
1326 2930 1781 2994 Reddidimus
1842 2931 1908 2993 ei
1981 2931 2309 3013 ligantias
2383 2931 2738 2997 hominum

842 3048 1150 3107 suorum,
1202 3037 1273 3094 et
1324 3048 1563 3093 omnes
1614 3036 1869 3106 cartas,
1929 3049 2103 3112 quas
2156 3031 2473 3097 dominus
2536 3038 2744 3113 pater

841 3136 1080 3193 noster
1126 3128 1212 3193 de
1263 3150 1346 3195 eo
1406 3128 1650 3193 habuit
1709 3149 1835 3212 per
1896 3132 2286 3211 captionem
2350 3150 2587 3209 suam3
2658 3139 2739 3195 et

841 3230 903 3293 si
961 3228 1214 3311 aliquae
1277 3230 1432 3295 aliae
1512 3228 1691 3295 forte
1759 3248 1885 3311 per
1957 3230 2371 3294 oblivionem
2445 3237 2737 3294 retenta}

842 3336 965 3393 aut
1008 3330 1312 3394 inventae
1368 3329 1649 3405 fuerint,
1705 3348 1825 3392 eas
1874 3331 2161 3412 penitus
2191 3331 2453 3394 viribus
2496 3348 2737 3393 carere

853 3429 1324 3510 praecepimus.
1432 3427 1597 3510 Ipse
1660 3436 1892 3492 autem
1957 3428 2167 3511 ligius
2229 3430 2435 3494 homo
2494 3436 2737 3493 noster

840 3525 1116 3592 devenit
1172 3528 1258 3591 de
1317 3528 1631 3592 omnibus
1689 3528 1890 3591 terris
1949 3528 2035 3593 de
2096 3530 2347 3611 quibus
2422 3536 2737 3593 anteces-

836 3643 1028 3689 sores
1065 3626 1176 3689 sui
1225 3626 1373 3707 ligii
1421 3626 1735 3690 homines
1779 3633 2299 3693 antecessorum
2337 3636 2731 3693 nostrorum

836 3724 1138 3800 suerunt,
1173 3733 1244 3790 et
1273 3726 1671 3790 fidelitatem
1690 3726 2108 3810 juraverunt
2142 3729 2339 3792 nobis
2391 3735 2462 3792 et
2504 3728 2729 3792 haere-

833 3824 1034 3889 dibus
1064 3826 1341 3890 nostris·
1443 3825 1772 3891 Testibus
1804 3826 1935 3903 his,
1966 3827 2369 3893 Baldewino
2390 3826 2731 3893 Cantuar.

835 3924 1377 4007 archiepiscope,
1407 3932 1478 3989 et
1509 3925 1848 3990 caeteris.'’
1873 3924 1899 3959 ²

901 4114 917 4148 ¹
952 4117 1251 4181 Domaniis]
1309 4119 1494 4169 Matth.
1538 4120 1750 4169 Westm.
1801 4118 1929 4167 with
1964 4119 2169 4180 Rymer,
2197 4132 2234 4167 1.
2255 4134 2309 4179 p.
2341 4123 2426 4180 64,
2460 4119 2733 4181 Hoveden,

832 4186 967 4235 Hov.
993 4188 1328 4237 ‘dominicis'
1800 4203 1852 4248 p.
1884 4192 1979 4237 377
2002 4184 2041 4250 b,
2077 4190 2176 4238 and
2218 4189 2370 4237 Matt.
2414 4190 2623 4240 Westm.
2675 4206 2727 4252 p.

897 4250 918 4281 ²
950 4256 1021 4303 Et
1064 4257 1299 4319 certeris]
1356 4257 1603 4319 Compare
1646 4258 1749 4307 this
1797 4262 1914 4308 257.
