3107 5054
790 543 1178 592 nonaum
1230 541 1795 592 wxeonmssusis.
2142 525 2237 590 33

327 706 478 762 tum
501 700 805 775 tenebat,
830 697 1264 776 Anselmum,
1292 701 1707 766 Beccensem
1728 699 2071 778 abbatem,
2092 701 2233 785 pri-

327 798 438 862 die
467 819 625 863 non.
663 800 1068 864 Decembris
1101 798 1178 885 [4
1206 798 1411 884 Dec.]
1439 809 2021 865 consecraverunt
2051 802 2231 864 anti·

327 901 590 962 stitem.
697 899 960 965 Eodem
1019 920 1202 964 anno
1227 900 1624 964 Willelmus
1659 919 1891 964 comes
1922 901 2006 964 de
2040 900 2230 977 Owe,
2256 918 2441 960 wuum

329 1001 481 1061 auri
533 999 796 1079 ingenti
828 1001 1058 1064 victus
1097 1000 1457 1076 aviditate,
1490 1006 1562 1063 et
1590 1001 1913 1081 promissi
1956 1001 2230 1064 honoris
2256 971 2543 1061 323335‘132

325 1106 574 1180 captus
604 1100 1101 1180 magnitudine,
1133 1119 1176 1164 a
1208 1099 1509 1164 naturali
1543 1099 1825 1163 domino
1876 1119 2004 1164 suo
2054 1099 2233 1163 Rot-
2256 1069 2476 1160 ξ’ῗιῗξὲῗ

326 1198 547 1272 berto,
580 1196 1136 1263 Normannorum
1169 1199 1444 1276 comite,
1474 1200 1587 1262 cui
1612 1198 2014 1264 fidelitatem
2034 1198 2229 1280 jura-

327 1306 546 1375 verat,
577 1297 850 1377 defecit,
882 1301 1044 1363 etin
1067 1298 1398 1380 Angliam
1431 1299 1517 1362 ad
1551 1318 1781 1380 regem
1802 1298 2227 1364 Willelmum

325 1399 633 1476 venienS,
666 1397 853 1462 illius
887 1419 961 1463 se
999 1399 1332 1476 dominic,
1367 1407 1447 1463 ut
1482 1398 1810 1463 seductor
1853 1398 2224 1475 maximuS,

325 1497 750 1580 subjugavit.

427 1597 713 1662 Arfasto
762 1601 954 1681 prius
988 1599 1322 1664 Willelmi
1366 1599 1665 1678 comitis,
1713 1607 1785 1664 et
1841 1608 2001 1683 post
2042 1600 2221 1664 Wil-
2273 1616 2327 1656 Δ.
2344 1616 2399 1657 n.
2419 1617 2536 1659 1⁰24.

324 1696 513 1760 lelmi
578 1699 759 1779 regis
820 1700 1204 1782 capellano,
1254 1719 1586 1782 processu
1657 1718 1819 1763 vero
1898 1701 2225 1782 temporis
2249 1682 2541 1772 ξῗιῖἷῖἳοοῖἐο

329 1795 876 1862 Theodfordensi
904 1801 1251 1882 episcopo,
1272 1800 1423 1883 jam
1444 1801 1531 1863 de
1556 1800 1781 1863 medio
1812 1799 2020 1875 facto,
2046 1798 2223 1881 ejus·
2250 1782 2509 1882 ἳὲῐῗὲεἵὶὼ

325 1916 461 1978 que
483 1916 878 1963 successore
897 1899 1274 1975 Willelmo,
1300 1899 1803 1974 HereberhtuS,
1826 1899 1944 1980 qui
1969 1918 2226 1981 cogno·
2250 1883 2432 1933 ΜΨ·

326 1997 721 2061 minabatur
769 1999 1096 2080 Losinga,
1131 1999 1315 2081 quod
1363 2000 1425 2062 ei
1471 2018 1586 2063 ars
1632 1998 2050 2062 adulationis
2098 2019 2225 2062 nu-

328 2115 454 2177 per
511 2105 774 2178 egerat,
833 2119 920 2162 ex
990 2099 1220 2181 priore
1279 2099 1645 2162 Fescamni
1701 2106 1772 2162 et
1835 2117 1922 2160 ex
1978 2100 2227 2162 abbate

329 2195 700 2274 Ramesiae,
747 2206 978 2281 empto
1027 2200 1432 2282 praesulatu,
1470 2197 2055 2261 Theodfordensis
2111 2217 2225 2261 ec-

323 2295 552 2359 clesiae
602 2295 830 2362 factus
876 2305 982 2362 est
1039 2299 1428 2381 episcopuS,
1476 2304 1675 2379 patre
1724 2315 1853 2359 suo
1883 2296 2225 2362 Rotberto

323 2395 638 2477 ejusdem
693 2398 1123 2479 cognominis
1174 2399 1246 2461 in
1294 2398 1646 2462 abbatiam
1689 2396 2070 2461 Wintoniae
2120 2397 2225 2463 in-

327 2502 545 2561 truso.
666 2497 1142 2563 Veruntamen
1197 2517 1550 2562 erroneum
1605 2497 1936 2580 impetum
1972 2494 2225 2580 juven·-
2251 2513 2323 2604 {a
2338 2517 2499 2563 roe-to

322 2598 499 2660 tutis
518 2597 822 2662 abolevit
840 2599 1293 2681 poenitentia3
1333 2598 1631 2663 Romam
1662 2596 2011 2681 profectus
2033 2616 2229 2662 seve-
2296 2574 2405 2605 ‘'m“

323 2696 625 2761 rioribus
673 2698 897 2775 annis,
933 2698 1052 2762 ubi
1097 2699 1231 2762 loci
1282 2698 1736 2762 simoniacum
1792 2696 2111 2761 baculum
2155 2704 2227 2764 et

325 2797 659 2860 annulum
717 2797 1092 2881 deponenS,
1163 2798 1596 2880 indulgentia
1676 2796 2225 2863 clementissimae

323 2895 511 2959 sedis
549 2897 801 2961 iterum
850 2898 1152 2981 recipere
1206 2899 1481 2963 meruit.
1575 2897 1877 2963 Domum
1912 2916 2072 2960 vero
2126 2916 2227 2962 re-

325 3015 595 3073 versus,
639 2996 871 3060 sedem
922 2998 1385 3080 episcopalem
1428 2996 1930 3080 transportavit
1980 2996 2066 3059 ad
2120 2996 2224 3059 in-

328 3095 596 3175 signem
663 3097 1122 3162 mercimoniis
1199 3106 1270 3162 et
1338 3097 1751 3180 populorum
1837 3096 2227 3177 frequentia

332 3196 564 3258 vicum
594 3197 865 3261 nomine
891 3196 963 3261 N
966 3197 1085 3261 ord
1097 3197 1246 3275 wic,
1275 3198 1508 3279 ibique
1537 3194 2030 3259 monachorum
2060 3215 2224 3259 con-

329 3296 804 3377 gregationem
857 3297 1182 3363 instituit.
1287 3296 1447 3359 Rex
1479 3295 1877 3359 Willelmus
1911 3294 2225 3357 Haestin-
2251 3312 2343 3352 :nae
2362 3312 2523 3400 ουῖποιι

322 3414 491 3477 gam
551 3396 744 3473 adiit,
787 3396 1176 3478 ibidemque
1230 3394 1589 3461 ecclesiam
1657 3394 1743 3457 de
1791 3394 1988 3457 Bello
2038 3393 2224 3456 dedi·
2252 3362 2487 3453 523230‘21.

325 3496 468 3559 cari
506 3495 692 3573 fecit,
734 3503 804 3559 et
849 3504 1008 3579 post
1044 3495 1542 3561 Normanniam
1580 3494 1825 3578 petiit:
1874 3494 1963 3557 ad
1994 3492 2226 3567 fratris
2251 3516 2439 3615 31:131:

322 3595 745 3677 colloquium
785 3598 913 3660 sub
945 3602 1210 3660 statuta
1240 3615 1409 3677 pace
1447 3596 1656 3672 venit,
1688 3594 1808 3659 sed
1838 3594 2227 3676 impacatus
2252 3615 2513 3665 normano„

325 3697 416 3758 ab
481 3713 564 3759 eo
636 3694 969 3760 recessit.¹
1096 3696 1347 3760 Comes
1412 3696 1690 3776 quidem
1755 3695 2228 3775 Rotomagum

399 3956 416 3987 ¹
454 3958 659 4019 Adusta
684 3995 698 4010 .
724 3998 736 4010 .
765 3997 778 4013 .
799 3960 1045 4026 recessim]
1099 3961 1161 4009 In
1191 3961 1252 4011 C.
1303 3973 1399 4009 suo
1441 3960 1552 4021 regi
1596 3957 1854 4009 Willelmo
1900 3958 2095 4019 juniori
2140 3972 2235 4019 per

320 4030 428 4078 this
452 4031 652 4091 portion
674 4030 733 4079 of
753 4030 839 4079 the
869 4036 979 4081 text
1005 4030 1098 4080 has
1124 4031 1252 4079 been
1303 4030 1500 4092 legatos
1536 4028 1817 4090 mandavit,
1857 4042 2036 4091 pacem
2078 4042 2232 4091 quam

319 4100 636 4149 substituted
658 4100 713 4148 in
735 4101 819 4149 the
844 4115 984 4149 room
1009 4100 1067 4149 of
1083 4115 1114 4151 a
1137 4105 1255 4162 part
1304 4101 1436 4149 inter
1493 4114 1548 4148 se
1606 4099 1924 4147 firmaverant
1976 4112 2075 4147 non
2118 4112 2233 4148 esse

318 4170 526 4231 erased,
546 4170 718 4221 where
753 4171 795 4218 it
825 4171 1073 4232 probably
1110 4170 1255 4219 stood
1305 4169 1502 4219 diutius
1582 4173 1897 4218 servaturum
1924 4184 1937 4217 ε
2025 4169 2236 4230 insuper

313 4254 374 4289 as
420 4241 476 4288 in
521 4239 604 4288 the
655 4241 867 4303 edition,
899 4241 1002 4293 viz.
1040 4242 1055 4268 ‘
1073 4238 1256 4290 Comes
1306 4240 1453 4288 illum
1491 4240 1697 4287 vocavit
1732 4240 1991 4301 perjurum
2036 4244 2088 4287 et
2122 4253 2236 4300 per-

315 4310 732 4360 Normannorum
779 4312 1074 4374 Rotbertus,
1111 4310 1257 4359 fratri
1308 4310 1486 4370 fidum,
1529 4309 1633 4359 uisi
1670 4310 2049 4359 conventionem
2104 4309 2237 4363 inter

425 4427 597 4476 ToM.
637 4427 711 4475 11.
1892 4424 1935 4468 D
