<?xml version="1.0" encoding="UTF-8"?>
<!DOCTYPE html PUBLIC "-//W3C//DTD XHTML 1.0 Transitional//EN"
    "http://www.w3.org/TR/xhtml1/DTD/xhtml1-transitional.dtd">
<html xmlns="http://www.w3.org/1999/xhtml" xml:lang="en" lang="en">
 <head>
  <title>
</title>
<meta http-equiv="Content-Type" content="text/html;charset=utf-8" />
  <meta name='ocr-system' content='tesseract 3.04.00' />
  <meta name='ocr-capabilities' content='ocr_page ocr_carea ocr_par ocr_line ocrx_word'/>
</head>
<body>
  <div class='ocr_page' id='page_1' title='image "./florentiiwigorn00evergoog_0043.png"; bbox 0 0 3107 5054; ppageno 0'>
   <div class='ocr_carea' id='block_1_1' title="bbox 548 795 746 1040">
    <p class='ocr_par' dir='ltr' id='par_1_1' title="bbox 548 795 746 1040">
     <span class='ocr_line' id='line_1_1' title="bbox 548 795 736 836; baseline -0.011 0"><span class='ocrx_word' id='word_1_1' title='bbox 548 795 736 836; x_wconf 73' lang='lat' dir='ltr'><strong>wimaro</strong></span> 
     </span>
     <span class='ocr_line' id='line_1_2' title="bbox 549 846 728 886; baseline 0 -2"><span class='ocrx_word' id='word_1_2' title='bbox 549 846 728 886; x_wconf 70' lang='lat' dir='ltr'><strong>invades</strong></span> 
     </span>
     <span class='ocr_line' id='line_1_3' title="bbox 551 897 736 940; baseline -0.011 -5"><span class='ocrx_word' id='word_1_3' title='bbox 551 897 712 936; x_wconf 71' lang='lat' dir='ltr'><strong>Franco</strong></span> <span class='ocrx_word' id='word_1_4' title='bbox 725 905 736 940; x_wconf 69' lang='grc' dir='ltr'>ε</span> 
     </span>
     <span class='ocr_line' id='line_1_4' title="bbox 549 947 684 986; baseline -0.015 0"><span class='ocrx_word' id='word_1_5' title='bbox 549 947 684 986; x_wconf 67' lang='lat' dir='ltr'><strong>burna</strong></span> 
     </span>
     <span class='ocr_line' id='line_1_5' title="bbox 551 995 746 1040; baseline 0.01 -2"><span class='ocrx_word' id='word_1_6' title='bbox 551 995 746 1040; x_wconf 68' lang='lat' dir='ltr'><strong>utute-³</strong></span> 
     </span>
    </p>
   </div>
   <div class='ocr_carea' id='block_1_2' title="bbox 554 1289 791 1336">
    <p class='ocr_par' dir='ltr' id='par_1_2' title="bbox 554 1289 791 1336">
     <span class='ocr_line' id='line_1_6' title="bbox 554 1289 791 1336; baseline -0.021 -2"><span class='ocrx_word' id='word_1_7' title='bbox 554 1291 656 1334; x_wconf 67' lang='lat' dir='ltr'><strong>tan·</strong></span> <span class='ocrx_word' id='word_1_8' title='bbox 672 1289 791 1336; x_wconf 69' lang='lat' dir='ltr'><strong>uickz</strong></span> 
     </span>
    </p>
   </div>
   <div class='ocr_carea' id='block_1_3' title="bbox 557 1493 794 1640">
    <p class='ocr_par' dir='ltr' id='par_1_3' title="bbox 557 1493 794 1640">
     <span class='ocr_line' id='line_1_7' title="bbox 557 1493 740 1534; baseline -0.011 0"><span class='ocrx_word' id='word_1_9' title='bbox 557 1493 740 1534; x_wconf 73' lang='lat' dir='ltr'><strong>teleneu</strong></span> 
     </span>
     <span class='ocr_line' id='line_1_8' title="bbox 559 1541 794 1593; baseline 0 -10"><span class='ocrx_word' id='word_1_10' title='bbox 559 1554 692 1593; x_wconf 73' lang='lat' dir='ltr'><strong>many</strong></span> <span class='ocrx_word' id='word_1_11' title='bbox 708 1541 794 1593; x_wconf 80' lang='lat' dir='ltr'><strong>pri-</strong></span> 
     </span>
     <span class='ocr_line' id='line_1_9' title="bbox 561 1603 731 1640; baseline -0.012 -5"><span class='ocrx_word' id='word_1_12' title='bbox 561 1603 709 1635; x_wconf 70' lang='lat' dir='ltr'><strong>nonen</strong></span> <span class='ocrx_word' id='word_1_13' title='bbox 718 1604 731 1640; x_wconf 68' lang='grc' dir='ltr'>ς</span> 
     </span>
    </p>
   </div>
   <div class='ocr_carea' id='block_1_4' title="bbox 567 2185 827 2280">
    <p class='ocr_par' dir='ltr' id='par_1_4' title="bbox 567 2185 827 2280">
     <span class='ocr_line' id='line_1_10' title="bbox 567 2185 827 2236; baseline 0.004 -10"><span class='ocrx_word' id='word_1_14' title='bbox 567 2187 760 2236; x_wconf 66' lang='lat' dir='ltr'><strong>dispone·</strong></span> <span class='ocrx_word' id='word_1_15' title='bbox 777 2185 827 2227; x_wconf 65' lang='lat' dir='ltr'><strong>o!</strong></span> 
     </span>
     <span class='ocr_line' id='line_1_11' title="bbox 568 2238 802 2280; baseline 0.004 -3"><span class='ocrx_word' id='word_1_16' title='bbox 568 2238 636 2278; x_wconf 74' lang='lat' dir='ltr'><strong>hi·</strong></span> <span class='ocrx_word' id='word_1_17' title='bbox 655 2241 802 2280; x_wconf 67' lang='lat' dir='ltr'><strong>state·-</strong></span> 
     </span>
    </p>
   </div>
   <div class='ocr_carea' id='block_1_5' title="bbox 570 2483 824 2575">
    <p class='ocr_par' dir='ltr' id='par_1_5' title="bbox 570 2483 824 2575">
     <span class='ocr_line' id='line_1_12' title="bbox 571 2483 800 2523; baseline -0.009 0"><span class='ocrx_word' id='word_1_18' title='bbox 571 2483 656 2523; x_wconf 75' lang='lat' dir='ltr'><strong>m·</strong></span> <span class='ocrx_word' id='word_1_19' title='bbox 671 2483 800 2523; x_wconf 77' lang='lat' dir='ltr'><strong>death</strong></span> 
     </span>
     <span class='ocr_line' id='line_1_13' title="bbox 570 2533 824 2575; baseline -0.012 0"><span class='ocrx_word' id='word_1_20' title='bbox 570 2535 656 2575; x_wconf 77' lang='lat' dir='ltr'><strong>aud</strong></span> <span class='ocrx_word' id='word_1_21' title='bbox 672 2533 824 2574; x_wconf 73' lang='lat' dir='ltr'><strong>burm.</strong></span> 
     </span>
    </p>
   </div>
   <div class='ocr_carea' id='block_1_6' title="bbox 867 507 2071 573">
    <p class='ocr_par' dir='ltr' id='par_1_6' title="bbox 867 507 2071 573">
     <span class='ocr_line' id='line_1_14' title="bbox 867 507 2071 573; baseline -0.002 0"><span class='ocrx_word' id='word_1_22' title='bbox 867 507 960 573; x_wconf 78' lang='lat'><strong>20</strong></span> <span class='ocrx_word' id='word_1_23' title='bbox 1413 557 1424 570; x_wconf 95' lang='lat'><strong>.</strong></span> <span class='ocrx_word' id='word_1_24' title='bbox 1644 523 2071 572; x_wconf 66' lang='lat' dir='ltr'><strong>canonicor-1</strong></span> 
     </span>
    </p>
   </div>
   <div class='ocr_carea' id='block_1_7' title="bbox 877 677 2803 3042">
    <p class='ocr_par' dir='ltr' id='par_1_7' title="bbox 877 677 2803 3042">
     <span class='ocr_line' id='line_1_15' title="bbox 877 677 2781 756; baseline -0.001 -10"><span class='ocrx_word' id='word_1_25' title='bbox 877 679 1138 746; x_wconf 88' lang='lat' dir='ltr'><strong>niensis</strong></span> <span class='ocrx_word' id='word_1_26' title='bbox 1185 679 1452 756; x_wconf 85' lang='lat' dir='ltr'><strong>Alsius,</strong></span> <span class='ocrx_word' id='word_1_27' title='bbox 1504 688 1577 744; x_wconf 91' lang='lat' dir='ltr'><strong>et</strong></span> <span class='ocrx_word' id='word_1_28' title='bbox 1621 681 1841 744; x_wconf 85' lang='lat' dir='ltr'><strong>abbas</strong></span> <span class='ocrx_word' id='word_1_29' title='bbox 1892 677 2337 746; x_wconf 84' lang='lat' dir='ltr'><strong>Persorensis</strong></span> <span class='ocrx_word' id='word_1_30' title='bbox 2384 678 2781 744; x_wconf 83' lang='lat' dir='ltr'><strong>Turstanus</strong></span> 
     </span>
     <span class='ocr_line' id='line_1_16' title="bbox 877 777 2785 861; baseline -0.002 -15"><span class='ocrx_word' id='word_1_31' title='bbox 877 780 1344 846; x_wconf 89' lang='lat' dir='ltr'><strong>decesserunt.</strong></span> <span class='ocrx_word' id='word_1_32' title='bbox 1447 778 1637 844; x_wconf 86' lang='lat' dir='ltr'><strong>Ante</strong></span> <span class='ocrx_word' id='word_1_33' title='bbox 1666 777 2231 861; x_wconf 80' lang='lat' dir='ltr'><strong>Assumptionem</strong></span> <span class='ocrx_word' id='word_1_34' title='bbox 2262 779 2335 844; x_wconf 89' lang='lat' dir='ltr'><strong>S.</strong></span> <span class='ocrx_word' id='word_1_35' title='bbox 2370 779 2622 844; x_wconf 82' lang='lat' dir='ltr'><strong>Mariae</strong></span> <span class='ocrx_word' id='word_1_36' title='bbox 2664 779 2785 861; x_wconf 84' lang='lat'><strong>[15</strong></span> 
     </span>
     <span class='ocr_line' id='line_1_17' title="bbox 880 877 2783 961; baseline -0.001 -17"><span class='ocrx_word' id='word_1_37' title='bbox 880 877 1130 961; x_wconf 79' lang='lat' dir='ltr'><strong>Aug.],</strong></span> <span class='ocrx_word' id='word_1_38' title='bbox 1158 899 1286 944; x_wconf 83' lang='lat' dir='ltr'><strong>rex</strong></span> <span class='ocrx_word' id='word_1_39' title='bbox 1316 877 1713 944; x_wconf 81' lang='lat' dir='ltr'><strong>willelmus</strong></span> <span class='ocrx_word' id='word_1_40' title='bbox 1756 879 1827 941; x_wconf 90' lang='lat' dir='ltr'><strong>in</strong></span> <span class='ocrx_word' id='word_1_41' title='bbox 1877 878 2245 942; x_wconf 85' lang='lat' dir='ltr'><strong>Franciam</strong></span> <span class='ocrx_word' id='word_1_42' title='bbox 2278 896 2433 942; x_wconf 85' lang='lat' dir='ltr'><strong>cum</strong></span> <span class='ocrx_word' id='word_1_43' title='bbox 2473 878 2783 942; x_wconf 80' lang='lat' dir='ltr'><strong>exercitu</strong></span> 
     </span>
     <span class='ocr_line' id='line_1_18' title="bbox 879 977 2785 1060; baseline -0.003 -17"><span class='ocrx_word' id='word_1_44' title='bbox 879 979 1098 1052; x_wconf 83' lang='lat' dir='ltr'><strong>venit,</strong></span> <span class='ocrx_word' id='word_1_45' title='bbox 1127 985 1202 1042; x_wconf 88' lang='lat' dir='ltr'><strong>et</strong></span> <span class='ocrx_word' id='word_1_46' title='bbox 1231 977 1565 1060; x_wconf 89' lang='lat' dir='ltr'><strong>oppidum</strong></span> <span class='ocrx_word' id='word_1_47' title='bbox 1606 977 1791 1059; x_wconf 87' lang='lat' dir='ltr'><strong>quod</strong></span> <span class='ocrx_word' id='word_1_48' title='bbox 1840 977 2289 1042; x_wconf 85' lang='lat' dir='ltr'><strong>Mathantum</strong></span> <span class='ocrx_word' id='word_1_49' title='bbox 2318 983 2785 1059; x_wconf 86' lang='lat' dir='ltr'><strong>nuncupatur,</strong></span> 
     </span>
     <span class='ocr_line' id='line_1_19' title="bbox 883 1076 2785 1158; baseline -0.002 -16"><span class='ocrx_word' id='word_1_50' title='bbox 883 1085 956 1142; x_wconf 87' lang='lat' dir='ltr'><strong>et</strong></span> <span class='ocrx_word' id='word_1_51' title='bbox 985 1097 1222 1142; x_wconf 89' lang='lat' dir='ltr'><strong>omnes</strong></span> <span class='ocrx_word' id='word_1_52' title='bbox 1253 1077 1584 1142; x_wconf 83' lang='lat' dir='ltr'><strong>ecclesias</strong></span> <span class='ocrx_word' id='word_1_53' title='bbox 1632 1077 1705 1139; x_wconf 92' lang='lat' dir='ltr'><strong>in</strong></span> <span class='ocrx_word' id='word_1_54' title='bbox 1748 1095 1833 1141; x_wconf 91' lang='lat' dir='ltr'><strong>eo</strong></span> <span class='ocrx_word' id='word_1_55' title='bbox 1876 1077 2075 1152; x_wconf 90' lang='lat' dir='ltr'><strong>sitas,</strong></span> <span class='ocrx_word' id='word_1_56' title='bbox 2110 1076 2425 1158; x_wconf 88' lang='lat' dir='ltr'><strong>duosque</strong></span> <span class='ocrx_word' id='word_1_57' title='bbox 2456 1076 2785 1152; x_wconf 89' lang='lat' dir='ltr'><strong>reclusos,</strong></span> 
     </span>
     <span class='ocr_line' id='line_1_20' title="bbox 883 1174 2785 1258; baseline 0.001 -18"><span class='ocrx_word' id='word_1_58' title='bbox 883 1178 1046 1258; x_wconf 86' lang='lat' dir='ltr'><strong>igne</strong></span> <span class='ocrx_word' id='word_1_59' title='bbox 1093 1176 1476 1252; x_wconf 81' lang='lat' dir='ltr'><strong>succendit,</strong></span> <span class='ocrx_word' id='word_1_60' title='bbox 1520 1175 1820 1258; x_wconf 80' lang='lat' dir='ltr'><strong>indeque</strong></span> <span class='ocrx_word' id='word_1_61' title='bbox 1866 1175 1939 1238; x_wconf 92' lang='lat' dir='ltr'><strong>in</strong></span> <span class='ocrx_word' id='word_1_62' title='bbox 1990 1174 2499 1240; x_wconf 88' lang='lat' dir='ltr'><strong>Normanniam</strong></span> <span class='ocrx_word' id='word_1_63' title='bbox 2544 1175 2745 1240; x_wconf 86' lang='lat' dir='ltr'><strong>rediit</strong></span> <span class='ocrx_word' id='word_1_64' title='bbox 2760 1196 2785 1242; x_wconf 70' lang='lat' dir='ltr'><em>z</em></span> 
     </span>
     <span class='ocr_line' id='line_1_21' title="bbox 885 1272 2785 1357; baseline -0.002 -16"><span class='ocrx_word' id='word_1_65' title='bbox 885 1276 1006 1341; x_wconf 87' lang='lat' dir='ltr'><strong>sed</strong></span> <span class='ocrx_word' id='word_1_66' title='bbox 1065 1277 1138 1339; x_wconf 91' lang='lat' dir='ltr'><strong>in</strong></span> <span class='ocrx_word' id='word_1_67' title='bbox 1193 1276 1349 1357; x_wconf 90' lang='lat' dir='ltr'><strong>ipso</strong></span> <span class='ocrx_word' id='word_1_68' title='bbox 1411 1274 1638 1339; x_wconf 88' lang='lat' dir='ltr'><strong>reditu</strong></span> <span class='ocrx_word' id='word_1_69' title='bbox 1696 1275 1887 1338; x_wconf 89' lang='lat' dir='ltr'><strong>dirus</strong></span> <span class='ocrx_word' id='word_1_70' title='bbox 1944 1275 2284 1339; x_wconf 89' lang='lat' dir='ltr'><strong>viscerum</strong></span> <span class='ocrx_word' id='word_1_71' title='bbox 2337 1274 2532 1339; x_wconf 89' lang='lat' dir='ltr'><strong>dolor</strong></span> <span class='ocrx_word' id='word_1_72' title='bbox 2590 1272 2785 1338; x_wconf 83' lang='lat' dir='ltr'><strong>illum</strong></span> 
     </span>
     <span class='ocr_line' id='line_1_22' title="bbox 887 1372 2784 1457; baseline -0.002 -17"><span class='ocrx_word' id='word_1_73' title='bbox 887 1374 1366 1457; x_wconf 83' lang='lat' dir='ltr'><strong>apprehendit,</strong></span> <span class='ocrx_word' id='word_1_74' title='bbox 1417 1381 1490 1438; x_wconf 89' lang='lat' dir='ltr'><strong>et</strong></span> <span class='ocrx_word' id='word_1_75' title='bbox 1537 1374 1763 1456; x_wconf 80' lang='lat' dir='ltr'><strong>magis</strong></span> <span class='ocrx_word' id='word_1_76' title='bbox 1808 1393 1893 1438; x_wconf 89' lang='lat' dir='ltr'><strong>ac</strong></span> <span class='ocrx_word' id='word_1_77' title='bbox 1940 1375 2163 1454; x_wconf 85' lang='lat' dir='ltr'><strong>magis</strong></span> <span class='ocrx_word' id='word_1_78' title='bbox 2215 1374 2301 1437; x_wconf 89' lang='lat' dir='ltr'><strong>de</strong></span> <span class='ocrx_word' id='word_1_79' title='bbox 2345 1373 2455 1437; x_wconf 91' lang='lat' dir='ltr'><strong>die</strong></span> <span class='ocrx_word' id='word_1_80' title='bbox 2488 1373 2561 1436; x_wconf 90' lang='lat' dir='ltr'><strong>in</strong></span> <span class='ocrx_word' id='word_1_81' title='bbox 2604 1372 2784 1436; x_wconf 89' lang='lat' dir='ltr'><strong>diem</strong></span> 
     </span>
     <span class='ocr_line' id='line_1_23' title="bbox 889 1471 2790 1556; baseline -0.002 -18"><span class='ocrx_word' id='word_1_82' title='bbox 889 1476 1253 1556; x_wconf 80' lang='lat' dir='ltr'><strong>gravabat.</strong></span> <span class='ocrx_word' id='word_1_83' title='bbox 1357 1472 1536 1536; x_wconf 87' lang='lat' dir='ltr'><strong>Cum</strong></span> <span class='ocrx_word' id='word_1_84' title='bbox 1567 1480 1800 1538; x_wconf 89' lang='lat' dir='ltr'><strong>autem</strong></span> <span class='ocrx_word' id='word_1_85' title='bbox 1831 1473 2351 1555; x_wconf 84' lang='lat' dir='ltr'><strong>ingravescente</strong></span> <span class='ocrx_word' id='word_1_86' title='bbox 2378 1471 2790 1554; x_wconf 66' lang='lat' dir='ltr'><strong>aegritudine</strong></span> 
     </span>
     <span class='ocr_line' id='line_1_24' title="bbox 887 1570 2789 1648; baseline -0.001 -12"><span class='ocrx_word' id='word_1_87' title='bbox 887 1573 1070 1637; x_wconf 87' lang='lat' dir='ltr'><strong>diem</strong></span> <span class='ocrx_word' id='word_1_88' title='bbox 1093 1572 1336 1637; x_wconf 87' lang='lat' dir='ltr'><strong>mortis</strong></span> <span class='ocrx_word' id='word_1_89' title='bbox 1355 1571 1490 1636; x_wconf 89' lang='lat' dir='ltr'><strong>sibi</strong></span> <span class='ocrx_word' id='word_1_90' title='bbox 1503 1573 1859 1638; x_wconf 87' lang='lat' dir='ltr'><strong>imminere</strong></span> <span class='ocrx_word' id='word_1_91' title='bbox 1876 1573 2227 1648; x_wconf 82' lang='lat' dir='ltr'><strong>sensisset,</strong></span> <span class='ocrx_word' id='word_1_92' title='bbox 2253 1570 2535 1637; x_wconf 86' lang='lat' dir='ltr'><strong>fratrem</strong></span> <span class='ocrx_word' id='word_1_93' title='bbox 2560 1589 2789 1646; x_wconf 88' lang='lat' dir='ltr'><strong>suum,</strong></span> 
     </span>
     <span class='ocr_line' id='line_1_25' title="bbox 892 1668 2795 1754; baseline -0.003 -17"><span class='ocrx_word' id='word_1_94' title='bbox 892 1670 1210 1737; x_wconf 87' lang='lat' dir='ltr'><strong>Odonem</strong></span> <span class='ocrx_word' id='word_1_95' title='bbox 1242 1669 1695 1736; x_wconf 80' lang='lat' dir='ltr'><strong>Baiocensem</strong></span> <span class='ocrx_word' id='word_1_96' title='bbox 1725 1673 2149 1754; x_wconf 86' lang='lat' dir='ltr'><strong>episcopum,</strong></span> <span class='ocrx_word' id='word_1_97' title='bbox 2180 1671 2467 1736; x_wconf 84' lang='lat' dir='ltr'><strong>comites</strong></span> <span class='ocrx_word' id='word_1_98' title='bbox 2504 1668 2795 1734; x_wconf 81' lang='lat' dir='ltr'><strong>Morka-</strong></span> 
     </span>
     <span class='ocr_line' id='line_1_26' title="bbox 890 1769 2791 1851; baseline -0.001 -17"><span class='ocrx_word' id='word_1_99' title='bbox 890 1789 1044 1834; x_wconf 78' lang='lat' dir='ltr'><strong>rum</strong></span> <span class='ocrx_word' id='word_1_100' title='bbox 1087 1776 1160 1834; x_wconf 91' lang='lat' dir='ltr'><strong>et</strong></span> <span class='ocrx_word' id='word_1_101' title='bbox 1195 1770 1578 1851; x_wconf 81' lang='lat' dir='ltr'><strong>Rogerum,</strong></span> <span class='ocrx_word' id='word_1_102' title='bbox 1628 1771 2040 1848; x_wconf 86' lang='lat' dir='ltr'><strong>Siwardum,</strong></span> <span class='ocrx_word' id='word_1_103' title='bbox 2070 1776 2529 1851; x_wconf 83' lang='lat' dir='ltr'><strong>cognomento</strong></span> <span class='ocrx_word' id='word_1_104' title='bbox 2576 1769 2791 1844; x_wconf 90' lang='lat' dir='ltr'><strong>Barn,</strong></span> 
     </span>
     <span class='ocr_line' id='line_1_27' title="bbox 891 1868 2795 1950; baseline -0.002 -16"><span class='ocrx_word' id='word_1_105' title='bbox 891 1875 964 1934; x_wconf 89' lang='lat' dir='ltr'><strong>et</strong></span> <span class='ocrx_word' id='word_1_106' title='bbox 993 1869 1406 1935; x_wconf 86' lang='lat' dir='ltr'><strong>Wlnothum</strong></span> <span class='ocrx_word' id='word_1_107' title='bbox 1448 1868 1635 1950; x_wconf 86' lang='lat' dir='ltr'><strong>regis</strong></span> <span class='ocrx_word' id='word_1_108' title='bbox 1684 1869 1985 1934; x_wconf 87' lang='lat' dir='ltr'><strong>Haroldi</strong></span> <span class='ocrx_word' id='word_1_109' title='bbox 2032 1887 2461 1950; x_wconf 84' lang='lat' dir='ltr'><strong>germanum,</strong></span> <span class='ocrx_word' id='word_1_110' title='bbox 2502 1886 2709 1950; x_wconf 89' lang='lat' dir='ltr'><strong>quem</strong></span> <span class='ocrx_word' id='word_1_111' title='bbox 2750 1886 2795 1931; x_wconf 89' lang='lat' dir='ltr'><strong>a</strong></span> 
     </span>
     <span class='ocr_line' id='line_1_28' title="bbox 895 1966 2793 2050; baseline -0.002 -18"><span class='ocrx_word' id='word_1_112' title='bbox 895 1969 1196 2050; x_wconf 85' lang='lat' dir='ltr'><strong>pueritia</strong></span> <span class='ocrx_word' id='word_1_113' title='bbox 1231 1974 1552 2032; x_wconf 86' lang='lat' dir='ltr'><strong>tenuerat</strong></span> <span class='ocrx_word' id='word_1_114' title='bbox 1588 1969 1659 2032; x_wconf 89' lang='lat' dir='ltr'><strong>in</strong></span> <span class='ocrx_word' id='word_1_115' title='bbox 1692 1967 2031 2044; x_wconf 87' lang='lat' dir='ltr'><strong>custodia,</strong></span> <span class='ocrx_word' id='word_1_116' title='bbox 2076 1975 2149 2032; x_wconf 88' lang='lat' dir='ltr'><strong>et</strong></span> <span class='ocrx_word' id='word_1_117' title='bbox 2183 1987 2424 2031; x_wconf 86' lang='lat' dir='ltr'><strong>omnes</strong></span> <span class='ocrx_word' id='word_1_118' title='bbox 2458 1986 2632 2049; x_wconf 89' lang='lat' dir='ltr'><strong>quos</strong></span> <span class='ocrx_word' id='word_1_119' title='bbox 2678 1966 2793 2030; x_wconf 91' lang='lat' dir='ltr'><strong>vel</strong></span> 
     </span>
     <span class='ocr_line' id='line_1_29' title="bbox 895 2063 2796 2148; baseline -0.001 -19"><span class='ocrx_word' id='word_1_120' title='bbox 895 2067 968 2129; x_wconf 92' lang='lat' dir='ltr'><strong>in</strong></span> <span class='ocrx_word' id='word_1_121' title='bbox 1014 2065 1276 2148; x_wconf 79' lang='lat' dir='ltr'><strong>Anglia</strong></span> <span class='ocrx_word' id='word_1_122' title='bbox 1311 2063 1424 2130; x_wconf 88' lang='lat' dir='ltr'><strong>vel</strong></span> <span class='ocrx_word' id='word_1_123' title='bbox 1467 2066 1540 2128; x_wconf 90' lang='lat' dir='ltr'><strong>in</strong></span> <span class='ocrx_word' id='word_1_124' title='bbox 1588 2065 2020 2131; x_wconf 87' lang='lat' dir='ltr'><strong>Normannia</strong></span> <span class='ocrx_word' id='word_1_125' title='bbox 2062 2066 2401 2132; x_wconf 72' lang='lat' dir='ltr'><strong>custodia&gt;</strong></span> <span class='ocrx_word' id='word_1_126' title='bbox 2442 2066 2796 2147; x_wconf 88' lang='lat' dir='ltr'><strong>mancipa-</strong></span> 
     </span>
     <span class='ocr_line' id='line_1_30' title="bbox 897 2164 2793 2246; baseline 0 -19"><span class='ocrx_word' id='word_1_127' title='bbox 897 2171 1038 2242; x_wconf 87' lang='lat' dir='ltr'><strong>rat,</strong></span> <span class='ocrx_word' id='word_1_128' title='bbox 1090 2165 1384 2229; x_wconf 83' lang='lat' dir='ltr'><strong>laxavit.</strong></span> <span class='ocrx_word' id='word_1_129' title='bbox 1485 2164 1670 2228; x_wconf 85' lang='lat' dir='ltr'><strong>Dein</strong></span> <span class='ocrx_word' id='word_1_130' title='bbox 1726 2164 1871 2230; x_wconf 89' lang='lat' dir='ltr'><strong>filio</strong></span> <span class='ocrx_word' id='word_1_131' title='bbox 1919 2183 2047 2230; x_wconf 90' lang='lat' dir='ltr'><strong>suo</strong></span> <span class='ocrx_word' id='word_1_132' title='bbox 2097 2164 2455 2230; x_wconf 87' lang='lat' dir='ltr'><strong>Willelmo</strong></span> <span class='ocrx_word' id='word_1_133' title='bbox 2504 2183 2793 2246; x_wconf 84' lang='lat' dir='ltr'><strong>regnum</strong></span> 
     </span>
     <span class='ocr_line' id='line_1_31' title="bbox 899 2262 2797 2348; baseline -0.002 -19"><span class='ocrx_word' id='word_1_134' title='bbox 899 2264 1183 2329; x_wconf 81' lang='lat' dir='ltr'><strong>tradidit</strong></span> <span class='ocrx_word' id='word_1_135' title='bbox 1239 2262 1544 2348; x_wconf 79' lang='lat' dir='ltr'><strong>Angliae,</strong></span> <span class='ocrx_word' id='word_1_136' title='bbox 1602 2271 1677 2328; x_wconf 88' lang='lat' dir='ltr'><strong>et</strong></span> <span class='ocrx_word' id='word_1_137' title='bbox 1739 2263 2109 2339; x_wconf 85' lang='lat' dir='ltr'><strong>Rotberto,</strong></span> <span class='ocrx_word' id='word_1_138' title='bbox 2150 2263 2295 2328; x_wconf 87' lang='lat' dir='ltr'><strong>filio</strong></span> <span class='ocrx_word' id='word_1_139' title='bbox 2356 2283 2485 2328; x_wconf 91' lang='lat' dir='ltr'><strong>suo</strong></span> <span class='ocrx_word' id='word_1_140' title='bbox 2542 2263 2797 2346; x_wconf 87' lang='lat' dir='ltr'><strong>primo-</strong></span> 
     </span>
     <span class='ocr_line' id='line_1_32' title="bbox 899 2363 2799 2445; baseline -0.001 -19"><span class='ocrx_word' id='word_1_141' title='bbox 899 2365 1159 2444; x_wconf 85' lang='lat' dir='ltr'><strong>genito,</strong></span> <span class='ocrx_word' id='word_1_142' title='bbox 1190 2363 1311 2445; x_wconf 91' lang='lat' dir='ltr'><strong>qui</strong></span> <span class='ocrx_word' id='word_1_143' title='bbox 1352 2372 1520 2429; x_wconf 91' lang='lat' dir='ltr'><strong>tunc</strong></span> <span class='ocrx_word' id='word_1_144' title='bbox 1560 2363 1897 2426; x_wconf 80' lang='lat' dir='ltr'><strong>exulabat</strong></span> <span class='ocrx_word' id='word_1_145' title='bbox 1924 2364 1997 2427; x_wconf 91' lang='lat' dir='ltr'><strong>in</strong></span> <span class='ocrx_word' id='word_1_146' title='bbox 2043 2363 2363 2440; x_wconf 78' lang='lat' dir='ltr'><strong>Francia,</strong></span> <span class='ocrx_word' id='word_1_147' title='bbox 2393 2363 2799 2427; x_wconf 89' lang='lat' dir='ltr'><strong>comitatum</strong></span> 
     </span>
     <span class='ocr_line' id='line_1_33' title="bbox 899 2461 2801 2539; baseline -0.001 -14"><span class='ocrx_word' id='word_1_148' title='bbox 899 2461 1238 2526; x_wconf 86' lang='lat' dir='ltr'><strong>concessit</strong></span> <span class='ocrx_word' id='word_1_149' title='bbox 1297 2461 1789 2527; x_wconf 84' lang='lat' dir='ltr'><strong>Normanniae:</strong></span> <span class='ocrx_word' id='word_1_150' title='bbox 1854 2469 1925 2526; x_wconf 90' lang='lat' dir='ltr'><strong>et</strong></span> <span class='ocrx_word' id='word_1_151' title='bbox 1980 2462 2105 2539; x_wconf 92' lang='lat' dir='ltr'><strong>sic,</strong></span> <span class='ocrx_word' id='word_1_152' title='bbox 2166 2462 2435 2526; x_wconf 84' lang='lat' dir='ltr'><strong>coelesti</strong></span> <span class='ocrx_word' id='word_1_153' title='bbox 2490 2462 2801 2526; x_wconf 87' lang='lat' dir='ltr'><strong>munitus</strong></span> 
     </span>
     <span class='ocr_line' id='line_1_34' title="bbox 902 2562 2803 2645; baseline -0.001 -20"><span class='ocrx_word' id='word_1_154' title='bbox 902 2562 1177 2638; x_wconf 88' lang='lat' dir='ltr'><strong>viatico,</strong></span> <span class='ocrx_word' id='word_1_155' title='bbox 1245 2570 1617 2645; x_wconf 81' lang='lat' dir='ltr'><strong>postquam</strong></span> <span class='ocrx_word' id='word_1_156' title='bbox 1676 2577 1811 2625; x_wconf 83' lang='lat' dir='ltr'><strong>xx.</strong></span> <span class='ocrx_word' id='word_1_157' title='bbox 1874 2562 2099 2638; x_wconf 87' lang='lat' dir='ltr'><strong>annis,</strong></span> <span class='ocrx_word' id='word_1_158' title='bbox 2152 2562 2501 2625; x_wconf 88' lang='lat' dir='ltr'><strong>mensibus</strong></span> <span class='ocrx_word' id='word_1_159' title='bbox 2566 2578 2674 2638; x_wconf 71' lang='lat' dir='ltr'><strong>X„</strong></span> <span class='ocrx_word' id='word_1_160' title='bbox 2730 2568 2803 2625; x_wconf 87' lang='lat' dir='ltr'><strong>et</strong></span> 
     </span>
     <span class='ocr_line' id='line_1_35' title="bbox 903 2660 2797 2743; baseline -0.003 -14"><span class='ocrx_word' id='word_1_161' title='bbox 903 2676 1180 2729; x_wconf 83' lang='lat' dir='ltr'><strong>xxvm.</strong></span> <span class='ocrx_word' id='word_1_162' title='bbox 1233 2660 1501 2739; x_wconf 86' lang='lat' dir='ltr'><strong>diebus,</strong></span> <span class='ocrx_word' id='word_1_163' title='bbox 1543 2661 1735 2743; x_wconf 84' lang='lat' dir='ltr'><strong>genti</strong></span> <span class='ocrx_word' id='word_1_164' title='bbox 1788 2660 2175 2743; x_wconf 84' lang='lat' dir='ltr'><strong>Anglorum</strong></span> <span class='ocrx_word' id='word_1_165' title='bbox 2226 2660 2525 2743; x_wconf 66' lang='lat' dir='ltr'><strong>praefuit,</strong></span> <span class='ocrx_word' id='word_1_166' title='bbox 2558 2660 2797 2724; x_wconf 88' lang='lat' dir='ltr'><strong>iduum</strong></span> 
     </span>
     <span class='ocr_line' id='line_1_36' title="bbox 899 2758 2803 2844; baseline 0 -21"><span class='ocrx_word' id='word_1_167' title='bbox 899 2758 1254 2841; x_wconf 88' lang='lat' dir='ltr'><strong>Septemb.</strong></span> <span class='ocrx_word' id='word_1_168' title='bbox 1283 2760 1398 2826; x_wconf 91' lang='lat' dir='ltr'><strong>die</strong></span> <span class='ocrx_word' id='word_1_169' title='bbox 1431 2768 1529 2825; x_wconf 65' lang='grc' dir='ltr'><strong>νο.</strong></span> <span class='ocrx_word' id='word_1_170' title='bbox 1568 2760 1644 2842; x_wconf 88' lang='grc'><strong>[9</strong></span> <span class='ocrx_word' id='word_1_171' title='bbox 1676 2759 1930 2844; x_wconf 81' lang='lat' dir='ltr'><strong>Sept.],</strong></span> <span class='ocrx_word' id='word_1_172' title='bbox 1961 2780 2248 2842; x_wconf 84' lang='lat' dir='ltr'><strong>regnum</strong></span> <span class='ocrx_word' id='word_1_173' title='bbox 2280 2780 2437 2825; x_wconf 89' lang='lat' dir='ltr'><strong>cum</strong></span> <span class='ocrx_word' id='word_1_174' title='bbox 2468 2760 2615 2825; x_wconf 87' lang='lat' dir='ltr'><strong>vita</strong></span> <span class='ocrx_word' id='word_1_175' title='bbox 2643 2780 2803 2842; x_wconf 85' lang='lat' dir='ltr'><strong>per·</strong></span> 
     </span>
     <span class='ocr_line' id='line_1_37' title="bbox 899 2857 2801 2942; baseline 0.001 -21"><span class='ocrx_word' id='word_1_176' title='bbox 899 2857 1099 2933; x_wconf 86' lang='lat' dir='ltr'><strong>didit,</strong></span> <span class='ocrx_word' id='word_1_177' title='bbox 1144 2867 1216 2923; x_wconf 90' lang='lat' dir='ltr'><strong>et</strong></span> <span class='ocrx_word' id='word_1_178' title='bbox 1257 2859 1571 2936; x_wconf 90' lang='lat' dir='ltr'><strong>Cadomi,</strong></span> <span class='ocrx_word' id='word_1_179' title='bbox 1616 2860 1689 2922; x_wconf 92' lang='lat' dir='ltr'><strong>in</strong></span> <span class='ocrx_word' id='word_1_180' title='bbox 1734 2860 2030 2924; x_wconf 87' lang='lat' dir='ltr'><strong>ecclesia</strong></span> <span class='ocrx_word' id='word_1_181' title='bbox 2077 2860 2149 2923; x_wconf 93' lang='lat' dir='ltr'><strong>S.</strong></span> <span class='ocrx_word' id='word_1_182' title='bbox 2180 2859 2516 2942; x_wconf 85' lang='lat' dir='ltr'><strong>Stephani</strong></span> <span class='ocrx_word' id='word_1_183' title='bbox 2545 2860 2801 2924; x_wconf 91' lang='lat' dir='ltr'><strong>Proto-</strong></span> 
     </span>
     <span class='ocr_line' id='line_1_38' title="bbox 903 2958 2803 3042; baseline -0.001 -19"><span class='ocrx_word' id='word_1_184' title='bbox 903 2958 1256 3039; x_wconf 87' lang='lat' dir='ltr'><strong>martyris,</strong></span> <span class='ocrx_word' id='word_1_185' title='bbox 1291 2978 1501 3042; x_wconf 86' lang='lat' dir='ltr'><strong>quam</strong></span> <span class='ocrx_word' id='word_1_186' title='bbox 1535 2960 1686 3040; x_wconf 85' lang='lat' dir='ltr'><strong>ipse</strong></span> <span class='ocrx_word' id='word_1_187' title='bbox 1726 2978 1771 3023; x_wconf 88' lang='lat' dir='ltr'><strong>a</strong></span> <span class='ocrx_word' id='word_1_188' title='bbox 1805 2959 2271 3025; x_wconf 84' lang='lat' dir='ltr'><strong>fundamentis</strong></span> <span class='ocrx_word' id='word_1_189' title='bbox 2314 2966 2803 3023; x_wconf 84' lang='lat' dir='ltr'><strong>construxerat</strong></span> 
     </span>
    </p>
   </div>
   <div class='ocr_carea' id='block_1_8' title="bbox 579 3056 2809 3140">
    <p class='ocr_par' dir='ltr' id='par_1_8' title="bbox 579 3056 2809 3140">
     <span class='ocr_line' id='line_1_39' title="bbox 579 3056 2809 3140; baseline 0.001 -22"><span class='ocrx_word' id='word_1_190' title='bbox 579 3062 749 3118; x_wconf 63' lang='lat' dir='ltr'><strong>mint</strong></span> <span class='ocrx_word' id='word_1_191' title='bbox 768 3077 813 3116; x_wconf 77' lang='grc' dir='ltr'><strong>ιιι</strong></span> <span class='ocrx_word' id='word_1_192' title='bbox 905 3056 1244 3139; x_wconf 90' lang='lat' dir='ltr'><strong>bonisque</strong></span> <span class='ocrx_word' id='word_1_193' title='bbox 1272 3058 1645 3134; x_wconf 86' lang='lat' dir='ltr'><strong>ditaverat,</strong></span> <span class='ocrx_word' id='word_1_194' title='bbox 1688 3057 2006 3140; x_wconf 88' lang='lat' dir='ltr'><strong>sepultus</strong></span> <span class='ocrx_word' id='word_1_195' title='bbox 2039 3057 2429 3140; x_wconf 90' lang='lat' dir='ltr'><strong>requiescit.</strong></span> <span class='ocrx_word' id='word_1_196' title='bbox 2534 3056 2809 3122; x_wconf 80' lang='lat' dir='ltr'><strong>Willel-</strong></span> 
     </span>
    </p>
   </div>
   <div class='ocr_carea' id='block_1_9' title="bbox 581 3125 880 3175">
    <p class='ocr_par' dir='ltr' id='par_1_9' title="bbox 581 3125 880 3175">
     <span class='ocr_line' id='line_1_40' title="bbox 581 3125 880 3175; baseline -0.013 -7"><span class='ocrx_word' id='word_1_197' title='bbox 581 3128 776 3175; x_wconf 73' lang='lat' dir='ltr'><strong>England</strong></span> <span class='ocrx_word' id='word_1_198' title='bbox 796 3125 880 3166; x_wconf 80' lang='lat' dir='ltr'><strong>and</strong></span> 
     </span>
    </p>
   </div>
   <div class='ocr_carea' id='block_1_10' title="bbox 578 3155 2805 3240">
    <p class='ocr_par' dir='ltr' id='par_1_10' title="bbox 578 3155 2805 3240">
     <span class='ocr_line' id='line_1_41' title="bbox 578 3155 2805 3240; baseline 0.001 -23"><span class='ocrx_word' id='word_1_199' title='bbox 578 3177 822 3217; x_wconf 58' lang='lat' dir='ltr'><strong>common</strong></span> <span class='ocrx_word' id='word_1_200' title='bbox 841 3176 890 3216; x_wconf 75' lang='grc' dir='ltr'><strong>οι</strong></span> <span class='ocrx_word' id='word_1_201' title='bbox 907 3175 1060 3219; x_wconf 89' lang='lat' dir='ltr'><strong>mus</strong></span> <span class='ocrx_word' id='word_1_202' title='bbox 1117 3163 1351 3221; x_wconf 87' lang='lat' dir='ltr'><strong>autem</strong></span> <span class='ocrx_word' id='word_1_203' title='bbox 1402 3157 1585 3220; x_wconf 86' lang='lat' dir='ltr'><strong>filius</strong></span> <span class='ocrx_word' id='word_1_204' title='bbox 1636 3157 1789 3240; x_wconf 89' lang='lat' dir='ltr'><strong>ejus</strong></span> <span class='ocrx_word' id='word_1_205' title='bbox 1838 3155 2171 3237; x_wconf 79' lang='lat' dir='ltr'><strong>Angliam</strong></span> <span class='ocrx_word' id='word_1_206' title='bbox 2223 3156 2550 3221; x_wconf 87' lang='lat' dir='ltr'><strong>festinato</strong></span> <span class='ocrx_word' id='word_1_207' title='bbox 2608 3156 2805 3235; x_wconf 87' lang='lat' dir='ltr'><strong>adiit,</strong></span> 
     </span>
    </p>
   </div>
   <div class='ocr_carea' id='block_1_11' title="bbox 579 3227 847 3268">
    <p class='ocr_par' dir='ltr' id='par_1_11' title="bbox 579 3227 847 3268">
     <span class='ocr_line' id='line_1_42' title="bbox 579 3227 847 3268; baseline 0.004 -2"><span class='ocrx_word' id='word_1_208' title='bbox 579 3227 766 3267; x_wconf 72' lang='lat' dir='ltr'><strong>william</strong></span> <span class='ocrx_word' id='word_1_209' title='bbox 785 3227 847 3268; x_wconf 91' lang='lat'><strong>11.</strong></span> 
     </span>
    </p>
   </div>
   <div class='ocr_carea' id='block_1_12' title="bbox 903 3254 2809 3630">
    <p class='ocr_par' dir='ltr' id='par_1_12' title="bbox 903 3254 2809 3630">
     <span class='ocr_line' id='line_1_43' title="bbox 903 3254 2807 3335; baseline 0 -16"><span class='ocrx_word' id='word_1_210' title='bbox 903 3256 1166 3320; x_wconf 88' lang='lat' dir='ltr'><strong>ducens</strong></span> <span class='ocrx_word' id='word_1_211' title='bbox 1193 3276 1432 3322; x_wconf 88' lang='lat' dir='ltr'><strong>secum</strong></span> <span class='ocrx_word' id='word_1_212' title='bbox 1455 3254 1871 3320; x_wconf 90' lang='lat' dir='ltr'><strong>Wlnothum</strong></span> <span class='ocrx_word' id='word_1_213' title='bbox 1901 3262 1973 3320; x_wconf 90' lang='lat' dir='ltr'><strong>et</strong></span> <span class='ocrx_word' id='word_1_214' title='bbox 2002 3254 2455 3335; x_wconf 87' lang='lat' dir='ltr'><strong>Morkarum;</strong></span> <span class='ocrx_word' id='word_1_215' title='bbox 2490 3254 2610 3319; x_wconf 88' lang='lat' dir='ltr'><strong>sed</strong></span> <span class='ocrx_word' id='word_1_216' title='bbox 2640 3274 2807 3319; x_wconf 81' lang='lat' dir='ltr'><strong>mox</strong></span> 
     </span>
     <span class='ocr_line' id='line_1_44' title="bbox 905 3354 2809 3436; baseline -0.001 -17"><span class='ocrx_word' id='word_1_217' title='bbox 905 3361 987 3419; x_wconf 83' lang='lat' dir='ltr'><strong>ut</strong></span> <span class='ocrx_word' id='word_1_218' title='bbox 1017 3355 1445 3421; x_wconf 88' lang='lat' dir='ltr'><strong>Wintoniam</strong></span> <span class='ocrx_word' id='word_1_219' title='bbox 1491 3356 1707 3431; x_wconf 88' lang='lat' dir='ltr'><strong>venit,</strong></span> <span class='ocrx_word' id='word_1_220' title='bbox 1747 3354 1931 3431; x_wconf 89' lang='lat' dir='ltr'><strong>illos,</strong></span> <span class='ocrx_word' id='word_1_221' title='bbox 1976 3362 2057 3417; x_wconf 87' lang='lat' dir='ltr'><strong>ut</strong></span> <span class='ocrx_word' id='word_1_222' title='bbox 2103 3356 2295 3436; x_wconf 87' lang='lat' dir='ltr'><strong>prius</strong></span> <span class='ocrx_word' id='word_1_223' title='bbox 2339 3354 2639 3431; x_wconf 85' lang='lat' dir='ltr'><strong>fuerant,</strong></span> <span class='ocrx_word' id='word_1_224' title='bbox 2685 3374 2809 3418; x_wconf 86' lang='lat' dir='ltr'><strong>cu-</strong></span> 
     </span>
     <span class='ocr_line' id='line_1_45' title="bbox 907 3451 2809 3537; baseline 0 -20"><span class='ocrx_word' id='word_1_225' title='bbox 907 3455 1154 3519; x_wconf 86' lang='lat' dir='ltr'><strong>stodiae</strong></span> <span class='ocrx_word' id='word_1_226' title='bbox 1186 3454 1634 3536; x_wconf 84' lang='lat' dir='ltr'><strong>mancipavit,</strong></span> <span class='ocrx_word' id='word_1_227' title='bbox 1659 3460 1728 3517; x_wconf 87' lang='lat' dir='ltr'><strong>et</strong></span> <span class='ocrx_word' id='word_1_228' title='bbox 1756 3468 1852 3517; x_wconf 89' lang='lat' dir='ltr'><strong>v1.</strong></span> <span class='ocrx_word' id='word_1_229' title='bbox 1882 3451 2025 3517; x_wconf 87' lang='lat' dir='ltr'><strong>kal.</strong></span> <span class='ocrx_word' id='word_1_230' title='bbox 2051 3452 2375 3519; x_wconf 86' lang='lat' dir='ltr'><strong>Octobris</strong></span> <span class='ocrx_word' id='word_1_231' title='bbox 2406 3454 2526 3535; x_wconf 77' lang='lat'><strong>[26</strong></span> <span class='ocrx_word' id='word_1_232' title='bbox 2556 3452 2809 3537; x_wconf 86' lang='lat' dir='ltr'><strong>Sept.],</strong></span> 
     </span>
     <span class='ocr_line' id='line_1_46' title="bbox 907 3551 2805 3630; baseline 0.001 -16"><span class='ocrx_word' id='word_1_233' title='bbox 907 3552 1020 3615; x_wconf 89' lang='lat' dir='ltr'><strong>die</strong></span> <span class='ocrx_word' id='word_1_234' title='bbox 1048 3553 1441 3628; x_wconf 89' lang='lat' dir='ltr'><strong>Dominico,</strong></span> <span class='ocrx_word' id='word_1_235' title='bbox 1470 3552 1543 3615; x_wconf 92' lang='lat' dir='ltr'><strong>in</strong></span> <span class='ocrx_word' id='word_1_236' title='bbox 1572 3551 2220 3630; x_wconf 79' lang='lat' dir='ltr'><strong>westmonasterio,</strong></span> <span class='ocrx_word' id='word_1_237' title='bbox 2250 3572 2295 3616; x_wconf 86' lang='lat' dir='ltr'><strong>a</strong></span> <span class='ocrx_word' id='word_1_238' title='bbox 2346 3551 2805 3629; x_wconf 80' lang='lat' dir='ltr'><strong>LandfrancO,</strong></span> 
     </span>
    </p>
   </div>
   <div class='ocr_carea' id='block_1_13' title="bbox 907 3746 2823 4374">
    <p class='ocr_par' dir='ltr' id='par_1_13' title="bbox 907 3746 2823 4374">
     <span class='ocr_line' id='line_1_47' title="bbox 909 3746 2818 3811; baseline 0.003 -16"><span class='ocrx_word' id='word_1_239' title='bbox 909 3746 977 3796; x_wconf 86' lang='lat' dir='ltr'><strong>he</strong></span> <span class='ocrx_word' id='word_1_240' title='bbox 997 3761 1108 3797; x_wconf 78' lang='lat' dir='ltr'><strong>was</strong></span> <span class='ocrx_word' id='word_1_241' title='bbox 1133 3747 1332 3811; x_wconf 78' lang='lat' dir='ltr'><strong>willing</strong></span> <span class='ocrx_word' id='word_1_242' title='bbox 1361 3753 1415 3797; x_wconf 88' lang='lat' dir='ltr'><strong>to</strong></span> <span class='ocrx_word' id='word_1_243' title='bbox 1447 3752 1697 3797; x_wconf 86' lang='lat' dir='ltr'><strong>commute</strong></span> <span class='ocrx_word' id='word_1_244' title='bbox 1732 3749 1839 3798; x_wconf 85' lang='lat' dir='ltr'><strong>into</strong></span> <span class='ocrx_word' id='word_1_245' title='bbox 1887 3749 2106 3811; x_wconf 80' lang='lat' dir='ltr'><strong>through</strong></span> <span class='ocrx_word' id='word_1_246' title='bbox 2163 3764 2259 3799; x_wconf 88' lang='lat' dir='ltr'><strong>one</strong></span> <span class='ocrx_word' id='word_1_247' title='bbox 2310 3750 2371 3799; x_wconf 80' lang='lat' dir='ltr'><strong>of</strong></span> <span class='ocrx_word' id='word_1_248' title='bbox 2419 3750 2505 3799; x_wconf 88' lang='lat' dir='ltr'><strong>the</strong></span> <span class='ocrx_word' id='word_1_249' title='bbox 2546 3750 2818 3800; x_wconf 77' lang='lat' dir='ltr'><strong>windows.</strong></span> 
     </span>
     <span class='ocr_line' id='line_1_48' title="bbox 911 3818 2817 3881; baseline 0.002 -16"><span class='ocrx_word' id='word_1_250' title='bbox 911 3831 946 3865; x_wconf 87' lang='lat' dir='ltr'><strong>a</strong></span> <span class='ocrx_word' id='word_1_251' title='bbox 965 3822 1205 3879; x_wconf 78' lang='lat' dir='ltr'><strong>payment</strong></span> <span class='ocrx_word' id='word_1_252' title='bbox 1225 3818 1283 3867; x_wconf 85' lang='lat' dir='ltr'><strong>of</strong></span> <span class='ocrx_word' id='word_1_253' title='bbox 1298 3818 1452 3867; x_wconf 81' lang='lat' dir='ltr'><strong>tithes</strong></span> <span class='ocrx_word' id='word_1_254' title='bbox 1472 3822 1524 3867; x_wconf 89' lang='lat' dir='ltr'><strong>to</strong></span> <span class='ocrx_word' id='word_1_255' title='bbox 1541 3818 1626 3866; x_wconf 89' lang='lat' dir='ltr'><strong>the</strong></span> <span class='ocrx_word' id='word_1_256' title='bbox 1648 3818 1840 3881; x_wconf 79' lang='lat' dir='ltr'><strong>clergy.</strong></span> <span class='ocrx_word' id='word_1_257' title='bbox 1891 3819 2032 3868; x_wconf 89' lang='lat' dir='ltr'><strong>With</strong></span> <span class='ocrx_word' id='word_1_258' title='bbox 2062 3819 2169 3867; x_wconf 91' lang='lat' dir='ltr'><strong>him</strong></span> <span class='ocrx_word' id='word_1_259' title='bbox 2196 3819 2286 3869; x_wconf 83' lang='lat' dir='ltr'><strong>fell</strong></span> <span class='ocrx_word' id='word_1_260' title='bbox 2316 3819 2398 3869; x_wconf 82' lang='lat' dir='ltr'><strong>his</strong></span> <span class='ocrx_word' id='word_1_261' title='bbox 2429 3819 2631 3869; x_wconf 85' lang='lat' dir='ltr'><strong>brother</strong></span> <span class='ocrx_word' id='word_1_262' title='bbox 2652 3820 2817 3869; x_wconf 87' lang='lat' dir='ltr'><strong>Bene-</strong></span> 
     </span>
     <span class='ocr_line' id='line_1_49' title="bbox 914 3886 2813 3950; baseline 0.001 -13"><span class='ocrx_word' id='word_1_263' title='bbox 914 3886 1124 3950; x_wconf 82' lang='lat' dir='ltr'><strong>Fleeing</strong></span> <span class='ocrx_word' id='word_1_264' title='bbox 1155 3887 1282 3937; x_wconf 82' lang='lat' dir='ltr'><strong>from</strong></span> <span class='ocrx_word' id='word_1_265' title='bbox 1315 3888 1402 3937; x_wconf 88' lang='lat' dir='ltr'><strong>the</strong></span> <span class='ocrx_word' id='word_1_266' title='bbox 1437 3888 1756 3949; x_wconf 78' lang='lat' dir='ltr'><strong>indignation</strong></span> <span class='ocrx_word' id='word_1_267' title='bbox 1788 3888 1847 3937; x_wconf 85' lang='lat' dir='ltr'><strong>of</strong></span> <span class='ocrx_word' id='word_1_268' title='bbox 1890 3889 1997 3937; x_wconf 89' lang='lat' dir='ltr'><strong>dict</strong></span> <span class='ocrx_word' id='word_1_269' title='bbox 2054 3889 2156 3937; x_wconf 88' lang='lat' dir='ltr'><strong>and</strong></span> <span class='ocrx_word' id='word_1_270' title='bbox 2218 3893 2487 3939; x_wconf 76' lang='lat' dir='ltr'><strong>seventeeu</strong></span> <span class='ocrx_word' id='word_1_271' title='bbox 2543 3888 2813 3939; x_wconf 78' lang='lat' dir='ltr'><strong>followers.</strong></span> 
     </span>
     <span class='ocr_line' id='line_1_50' title="bbox 907 3956 2819 4021; baseline 0.001 -16"><span class='ocrx_word' id='word_1_272' title='bbox 907 3956 994 4006; x_wconf 81' lang='lat' dir='ltr'><strong>his</strong></span> <span class='ocrx_word' id='word_1_273' title='bbox 1029 3957 1229 4018; x_wconf 87' lang='lat' dir='ltr'><strong>people,</strong></span> <span class='ocrx_word' id='word_1_274' title='bbox 1257 3970 1313 4005; x_wconf 81' lang='lat' dir='ltr'><strong>so</strong></span> <span class='ocrx_word' id='word_1_275' title='bbox 1338 3958 1505 4019; x_wconf 79' lang='lat' dir='ltr'><strong>justly</strong></span> <span class='ocrx_word' id='word_1_276' title='bbox 1535 3956 1739 4006; x_wconf 84' lang='lat' dir='ltr'><strong>excited</strong></span> <span class='ocrx_word' id='word_1_277' title='bbox 1771 3958 1840 4017; x_wconf 79' lang='lat' dir='ltr'><strong>by</strong></span> <span class='ocrx_word' id='word_1_278' title='bbox 1890 3957 2028 4007; x_wconf 89' lang='lat' dir='ltr'><strong>Cnut</strong></span> <span class='ocrx_word' id='word_1_279' title='bbox 2036 3972 2146 4007; x_wconf 84' lang='lat' dir='ltr'><strong>was</strong></span> <span class='ocrx_word' id='word_1_280' title='bbox 2154 3958 2559 4021; x_wconf 74' lang='lat' dir='ltr'><strong>canonized,and</strong></span> <span class='ocrx_word' id='word_1_281' title='bbox 2568 3958 2819 4019; x_wconf 71' lang='lat' dir='ltr'><strong>regarded</strong></span> 
     </span>
     <span class='ocr_line' id='line_1_51' title="bbox 911 4026 2814 4089; baseline 0.001 -14"><span class='ocrx_word' id='word_1_282' title='bbox 911 4026 1055 4075; x_wconf 77' lang='lat' dir='ltr'><strong>these</strong></span> <span class='ocrx_word' id='word_1_283' title='bbox 1087 4027 1429 4087; x_wconf 84' lang='lat' dir='ltr'><strong>oppressions,</strong></span> <span class='ocrx_word' id='word_1_284' title='bbox 1449 4027 1514 4075; x_wconf 89' lang='lat' dir='ltr'><strong>he</strong></span> <span class='ocrx_word' id='word_1_285' title='bbox 1547 4026 1651 4075; x_wconf 85' lang='lat' dir='ltr'><strong>had</strong></span> <span class='ocrx_word' id='word_1_286' title='bbox 1684 4026 1841 4077; x_wconf 84' lang='lat' dir='ltr'><strong>taken</strong></span> <span class='ocrx_word' id='word_1_287' title='bbox 1890 4041 1949 4075; x_wconf 86' lang='lat' dir='ltr'><strong>as</strong></span> <span class='ocrx_word' id='word_1_288' title='bbox 1970 4027 2055 4076; x_wconf 85' lang='lat' dir='ltr'><strong>the</strong></span> <span class='ocrx_word' id='word_1_289' title='bbox 2079 4032 2411 4089; x_wconf 78' lang='lat' dir='ltr'><strong>protomartyr</strong></span> <span class='ocrx_word' id='word_1_290' title='bbox 2439 4028 2498 4077; x_wconf 79' lang='lat' dir='ltr'><strong>of</strong></span> <span class='ocrx_word' id='word_1_291' title='bbox 2533 4026 2814 4079; x_wconf 84' lang='lat' dir='ltr'><strong>Denmark.</strong></span> 
     </span>
     <span class='ocr_line' id='line_1_52' title="bbox 913 4094 2820 4158; baseline 0 -13"><span class='ocrx_word' id='word_1_292' title='bbox 913 4095 1092 4156; x_wconf 83' lang='lat' dir='ltr'><strong>refuge</strong></span> <span class='ocrx_word' id='word_1_293' title='bbox 1114 4097 1168 4143; x_wconf 92' lang='lat' dir='ltr'><strong>in</strong></span> <span class='ocrx_word' id='word_1_294' title='bbox 1189 4095 1274 4143; x_wconf 88' lang='lat' dir='ltr'><strong>the</strong></span> <span class='ocrx_word' id='word_1_295' title='bbox 1293 4094 1485 4144; x_wconf 89' lang='lat' dir='ltr'><strong>church</strong></span> <span class='ocrx_word' id='word_1_296' title='bbox 1505 4096 1565 4145; x_wconf 86' lang='lat' dir='ltr'><strong>of</strong></span> <span class='ocrx_word' id='word_1_297' title='bbox 1580 4095 1653 4143; x_wconf 89' lang='lat' dir='ltr'><strong>St.</strong></span> <span class='ocrx_word' id='word_1_298' title='bbox 1669 4096 1839 4144; x_wconf 87' lang='lat' dir='ltr'><strong>Alban</strong></span> <span class='ocrx_word' id='word_1_299' title='bbox 1892 4096 1992 4145; x_wconf 89' lang='lat' dir='ltr'><strong>His</strong></span> <span class='ocrx_word' id='word_1_300' title='bbox 2014 4096 2168 4148; x_wconf 84' lang='lat' dir='ltr'><strong>death</strong></span> <span class='ocrx_word' id='word_1_301' title='bbox 2190 4096 2310 4145; x_wconf 87' lang='lat' dir='ltr'><strong>took</strong></span> <span class='ocrx_word' id='word_1_302' title='bbox 2329 4097 2477 4158; x_wconf 84' lang='lat' dir='ltr'><strong>place</strong></span> <span class='ocrx_word' id='word_1_303' title='bbox 2492 4109 2561 4146; x_wconf 76' lang='lat' dir='ltr'><strong>vi.</strong></span> <span class='ocrx_word' id='word_1_304' title='bbox 2576 4096 2651 4147; x_wconf 85' lang='lat' dir='ltr'><strong>id.</strong></span> <span class='ocrx_word' id='word_1_305' title='bbox 2665 4096 2702 4147; x_wconf 87' lang='lat' dir='ltr'><strong>J</strong></span> <span class='ocrx_word' id='word_1_306' title='bbox 2706 4096 2820 4158; x_wconf 83' lang='lat' dir='ltr'><strong>ulii,</strong></span> 
     </span>
     <span class='ocr_line' id='line_1_53' title="bbox 915 4163 2821 4227; baseline 0.002 -16"><span class='ocrx_word' id='word_1_307' title='bbox 915 4168 970 4211; x_wconf 85' lang='lat' dir='ltr'><strong>at</strong></span> <span class='ocrx_word' id='word_1_308' title='bbox 986 4164 1210 4227; x_wconf 85' lang='lat' dir='ltr'><strong>Odense,</strong></span> <span class='ocrx_word' id='word_1_309' title='bbox 1226 4163 1396 4213; x_wconf 80' lang='lat' dir='ltr'><strong>where</strong></span> <span class='ocrx_word' id='word_1_310' title='bbox 1417 4165 1482 4213; x_wconf 88' lang='lat' dir='ltr'><strong>he</strong></span> <span class='ocrx_word' id='word_1_311' title='bbox 1503 4165 1737 4214; x_wconf 87' lang='lat' dir='ltr'><strong>received</strong></span> <span class='ocrx_word' id='word_1_312' title='bbox 1758 4165 1839 4214; x_wconf 88' lang='lat' dir='ltr'><strong>his</strong></span> <span class='ocrx_word' id='word_1_313' title='bbox 1888 4164 1973 4213; x_wconf 86' lang='lat' dir='ltr'><strong>die</strong></span> <span class='ocrx_word' id='word_1_314' title='bbox 1986 4166 2217 4227; x_wconf 87' lang='lat' dir='ltr'><strong>Veneris,</strong></span> <span class='ocrx_word' id='word_1_315' title='bbox 2239 4180 2288 4215; x_wconf 86' lang='lat' dir='ltr'><strong>a.</strong></span> <span class='ocrx_word' id='word_1_316' title='bbox 2309 4169 2453 4217; x_wconf 82' lang='lat'><strong>1086.</strong></span> <span class='ocrx_word' id='word_1_317' title='bbox 2524 4165 2821 4215; x_wconf 84' lang='lat' dir='ltr'><strong>Dahlmann</strong></span> 
     </span>
     <span class='ocr_line' id='line_1_54' title="bbox 915 4232 2823 4301; baseline 0.002 -20"><span class='ocrx_word' id='word_1_318' title='bbox 915 4232 1301 4294; x_wconf 81' lang='lat' dir='ltr'><strong>death-wound,</strong></span> <span class='ocrx_word' id='word_1_319' title='bbox 1333 4233 1492 4283; x_wconf 83' lang='lat' dir='ltr'><strong>while</strong></span> <span class='ocrx_word' id='word_1_320' title='bbox 1547 4235 1839 4295; x_wconf 70' lang='lat' dir='ltr'><strong>embracing</strong></span> <span class='ocrx_word' id='word_1_321' title='bbox 1889 4238 1948 4285; x_wconf 89' lang='lat' dir='ltr'><strong>ut</strong></span> <span class='ocrx_word' id='word_1_322' title='bbox 1982 4250 2099 4296; x_wconf 86' lang='lat' dir='ltr'><strong>sup.</strong></span> <span class='ocrx_word' id='word_1_323' title='bbox 2122 4251 2175 4297; x_wconf 88' lang='lat' dir='ltr'><strong>p.</strong></span> <span class='ocrx_word' id='word_1_324' title='bbox 2198 4238 2294 4285; x_wconf 77' lang='lat'><strong>201</strong></span> <span class='ocrx_word' id='word_1_325' title='bbox 2316 4250 2467 4301; x_wconf 54' lang='grc' dir='ltr'><strong>ΜΨ,</strong></span> <span class='ocrx_word' id='word_1_326' title='bbox 2502 4235 2605 4288; x_wconf 86' lang='lat' dir='ltr'><strong>and</strong></span> <span class='ocrx_word' id='word_1_327' title='bbox 2640 4235 2823 4297; x_wconf 87' lang='lat' dir='ltr'><strong>Suhm,</strong></span> 
     </span>
     <span class='ocr_line' id='line_1_55' title="bbox 916 4302 2293 4374; baseline 0.003 -23"><span class='ocrx_word' id='word_1_328' title='bbox 916 4302 1003 4351; x_wconf 87' lang='lat' dir='ltr'><strong>the</strong></span> <span class='ocrx_word' id='word_1_329' title='bbox 1019 4304 1167 4366; x_wconf 80' lang='lat' dir='ltr'><strong>altar,</strong></span> <span class='ocrx_word' id='word_1_330' title='bbox 1179 4302 1308 4374; x_wconf 68' lang='lat' dir='ltr'><strong>from</strong></span> <span class='ocrx_word' id='word_1_331' title='bbox 1322 4316 1354 4350; x_wconf 83' lang='lat' dir='ltr'><strong>a</strong></span> <span class='ocrx_word' id='word_1_332' title='bbox 1366 4303 1564 4365; x_wconf 82' lang='lat' dir='ltr'><strong>javelin</strong></span> <span class='ocrx_word' id='word_1_333' title='bbox 1581 4305 1839 4367; x_wconf 74' lang='lat' dir='ltr'><strong>proJected</strong></span> <span class='ocrx_word' id='word_1_334' title='bbox 1891 4304 1991 4353; x_wconf 89' lang='lat' dir='ltr'><strong>Bd.</strong></span> <span class='ocrx_word' id='word_1_335' title='bbox 2013 4317 2081 4355; x_wconf 77' lang='lat' dir='ltr'><strong>iv,</strong></span> <span class='ocrx_word' id='word_1_336' title='bbox 2106 4320 2160 4367; x_wconf 81' lang='lat' dir='ltr'><strong>p.</strong></span> <span class='ocrx_word' id='word_1_337' title='bbox 2178 4309 2293 4355; x_wconf 73' lang='lat'><strong>⁷03.</strong></span> 
     </span>
    </p>
   </div>
  </div>
 </body>
</html>
