3107 5054
815 509 1202 558 rmanwru
1248 509 1808 560 wiconmnums.
2144 495 2273 560 111

359 674 548 730 esset
583 685 994 749 possessura
1029 674 1416 750 paternum,
1445 667 1629 731 sicut
1662 667 1726 730 ei
1761 667 2042 732 vivente
2075 675 2273 750 patre

364 764 593 830 fuerat
616 767 954 851 juratum.
1059 767 1274 831 Initia
1303 766 1621 831 dolorum
1665 767 1835 831 haec.
1938 767 2102 834 Hoc
2133 768 2273 832 dis-

369 865 623 930 sidium
667 867 1182 949 gravissimum,
1229 868 1442 932 immo
1483 886 1658 949 pene
1696 867 2039 944 ultimum,
2092 869 2275 932 omni

371 965 618 1047 patriae
665 967 904 1032 intulit
954 964 1348 1032 excidium.¹
1477 966 1756 1032 Interea
1812 987 1938 1031 rex
1990 967 2277 1033 Scottiae
2302 987 2443 1028 navia
2462 986 2571 1034 ung

2300 1039 2349 1078 of
2362 1038 2563 1078 Seotland

371 1064 631 1143 David,
664 1067 738 1130 in
782 1067 981 1149 gravi
1027 1065 1468 1130 multitudine
1513 1067 1939 1149 equestrium
1969 1073 2041 1132 et
2071 1066 2277 1152 pede·
2301 1089 2482 1128 imae·

372 1165 645 1243 strium,
697 1166 784 1230 de
839 1167 1100 1249 vagina
1151 1165 1389 1230 finium
1444 1167 1641 1248 regni
1701 1165 1811 1231 sui
1865 1167 2019 1251 jam
2070 1169 2279 1232 tertio

374 1283 722 1346 egressus,
790 1265 976 1330 circa
1053 1267 1384 1331 terminos
1466 1266 1536 1330 N
1540 1265 1990 1350 orthymbriae
2066 1267 2283 1349 coepit

377 1385 566 1442 rura,
597 1365 876 1449 oppida,
919 1373 990 1431 et
1033 1366 1326 1430 castella
1371 1385 1703 1443 cremare,
1749 1374 1820 1430 et
1868 1367 2011 1430 fere
2060 1374 2281 1431 totam

377 1471 634 1530 terram
663 1467 1068 1531 devastare:
1119 1466 1240 1530 sed
1267 1466 1418 1550 jam
1449 1465 1581 1530 hac
1612 1466 1859 1530 ultima
1905 1467 2081 1544 vice,
2122 1487 2279 1530 cum

377 1583 599 1646 usque
649 1566 1037 1630 Eboracum
1090 1575 1162 1630 et
1218 1565 1634 1630 Humbriam
1692 1567 2070 1631 minaretur
2120 1587 2282 1650 pro-

378 1683 717 1746 gressum,
754 1665 1213 1730 Eboracensis
1249 1665 1808 1749 archiepiscopus
1841 1666 2283 1730 Thurstanus

379 1764 798 1848 colloquium
831 1765 1075 1830 habuit
1105 1785 1261 1830 cum
1292 1767 1611 1829 omnibus
1641 1766 1728 1830 de
1761 1766 2079 1831 Eboraca
2121 1787 2283 1850 pro-

379 1865 633 1943 vincia,
691 1865 994 1946 fecitque
1061 1885 1298 1929 omnes
1373 1866 1721 1930 communi
1797 1885 2141 1930 consensu
2212 1874 2283 1931 et

381 1965 669 2028 consilio
691 1964 1166 2050 juramentum
1193 1966 1269 2029 in
1309 1967 1495 2055 regis
1538 1965 1875 2030 fidelitate
1918 1966 2171 2043 facere,
2203 1974 2282 2029 ut

2304 1139 2515 1189 England.

380 2065 449 2128 ei
494 2066 910 2132 resisterent.
1015 2065 1193 2129 Inde
1249 2073 1484 2130 autem
1535 2085 1663 2128 rex
1718 2065 2003 2130 Scottiae
2058 2067 2283 2147 magis
2306 2088 2398 2128 The
2416 2089 2557 2128 natue

2306 2140 2438 2178 ofthe

379 2162 718 2242 irritatuS‚
751 2185 794 2229 a
823 2165 1033 2228 nullis
1085 2164 1648 2230 dissuadentibus
1694 2167 1924 2248 potuit
1954 2165 2281 2242 cohiberi,
2305 2188 2530 2229 standard.

380 2265 506 2327 sed
556 2266 840 2330 veniens
883 2284 1103 2348 usque
1161 2265 1442 2329 Teisam
1493 2264 1569 2328 in
1620 2265 1733 2330 die
1772 2273 1957 2330 vl110.
1989 2263 2280 2330 Assum-

381 2363 642 2446 ptionis
685 2365 760 2431 S.
787 2365 1036 2430 Mariae
1069 2361 1189 2449 [22
1216 2363 1463 2447 Aug.],
1500 2383 1657 2447 quae
1704 2365 1873 2428 feria
1916 2381 1995 2429 11.
2027 2366 2281 2443 evenit,

383 2463 692 2530 decrevit
743 2473 1014 2530 nostros
1062 2484 1572 2548 praeoccupare,
1636 2466 1799 2549 quia
1853 2466 1926 2531 in
1989 2465 2283 2531 articulo

381 2564 602 2648 ipsius
647 2565 785 2630 diei
825 2564 1132 2629 maxima
1176 2565 1429 2630 nebula
1473 2573 1647 2631 erat.
1752 2566 1846 2632 Et
1886 2565 1988 2630 sic
2027 2586 2117 2631 ex
2156 2567 2285 2630 im-

382 2665 664 2747 proviso
697 2684 772 2729 se
800 2673 1168 2730 venturum
1212 2685 1421 2749 super
1461 2664 1653 2748 ipsos
1686 2685 1997 2748 sperans,
2028 2666 2285 2730 multas

383 2764 592 2829 villas
635 2767 933 2831 intactas
977 2766 1281 2847 reliquit,
1326 2784 1452 2830 nec
1497 2784 1687 2844 suoS,
1718 2768 1901 2831 sicut
1945 2767 2285 2842 solebant,

383 2864 540 2946 ipsa
587 2863 698 2929 die
747 2865 1008 2947 aliquid
1047 2866 1298 2931 ‘ardere
1342 2867 1677 2948 permisit.
1768 2866 2013 2931 Nostri
2052 2873 2284 2931 tamen

383 2964 585 3028 tarde
645 2984 690 3029 a
752 2966 1050 3048 quodam
1113 2966 1456 3047 armigero
1522 2967 1936 3048 praemoniti,
1990 2974 2059 3031 et
2111 2986 2286 3049 pene

383 3067 880 3148 praeoccupati,
911 3065 1238 3130 citissime
1272 3085 1348 3129 se
1379 3072 1729 3131 armantes
1765 3072 1836 3129 et
1863 3065 2288 3143 ordinanteS‚

383 3166 789 3246 sagittarios
832 3166 1310 3248 praemiserunt
1353 3173 1514 3229 ante
1560 3167 1853 3248 primam
1894 3166 2215 3241 frontem,
2249 3184 2291 3229 a

385 3264 642 3346 quibus
679 3265 880 3329 valde
913 3264 1308 3329 Scottorum
1337 3266 1685 3329 exercitus
1718 3265 1929 3328 laesus
1964 3270 2092 3328 est.
2152 3264 2291 3327 Ex-

385 3363 548 3427 inde
590 3365 725 3447 ipsi
775 3364 948 3447 regii
990 3365 1284 3430 barones
1338 3384 1495 3428 cum
1541 3364 1875 3427 militibus
1920 3364 2291 3446 progressi,

387 3464 512 3545 qui
534 3484 769 3529 omnes
798 3464 884 3530 de
913 3465 1109 3547 equis
1143 3465 1288 3528 suis
1317 3464 1835 3541 descenderant,
1860 3471 1931 3529 et
1962 3464 2037 3528 in
2070 3464 2293 3547 prima

390 3573 592 3629 erant
652 3565 824 3642 acie,
873 3583 1121 3630 manus
1175 3571 1247 3628 et
1309 3583 1502 3627 arma
1566 3584 1724 3628 cum
1784 3563 2096 3629 hostibus
2165 3565 2291 3628 mi-

388 3672 745 3742 scuerunt,
803 3671 876 3728 et
938 3663 1010 3728 in
1078 3664 1230 3746 ipso
1287 3664 1509 3747 primo
1572 3672 1833 3746 puncto
1896 3663 2293 3729 certaminis

388 3763 596 3828 finem
627 3772 700 3829 et
731 3763 1088 3829 victoriam
1132 3763 1466 3840 fecerunt,
1496 3764 1898 3828 cedentibus
1930 3764 2064 3827 sibi
2094 3763 2296 3827 Scot-

391 3865 508 3940 tis,
551 3871 624 3928 et
673 3864 912 3928 statim
967 3862 1082 3927 vel
1134 3863 1566 3939 cadentibuS‚
1613 3862 1724 3930 vel
1776 3882 1931 3925 cum
1987 3862 2292 3927 maximo

391 3964 641 4028 timore
675 3963 1126 4046 fugientibus,
1234 3962 1480 4027 Nostri
1524 3970 1783 4038 autem,
1820 3962 1986 4045 quia
2029 3962 2293 4044 pedites

389 4071 609 4142 erant,
669 4072 740 4129 et
799 4082 1038 4127 omnes
1091 4082 1306 4144 equos
1354 4082 1517 4127 suos
1571 4062 1847 4143 longius
1902 4062 2151 4126 abduci
2201 4062 2295 4125 se-

620 4287 634 4318 ¹
672 4290 1034 4349 Interimfucta
1059 4324 1072 4339 .
1101 4325 1113 4340 .
1144 4326 1154 4341 .
1177 4288 1467 4351 excidium]
1515 4288 1645 4339 Acta.
1666 4289 1785 4339 edit.
1835 4291 1894 4339 G.
1916 4290 2051 4341 omit.
