3107 5054
828 521 956 586 100
1323 533 1823 584 coN'rmuA'rlo
1870 530 2227 579 cunomcr

829 692 940 756 sui
995 708 1168 756 auro
1213 689 1682 770 praestantior.
1786 686 2183 770 Imperialis
2228 695 2463 752 tamen
2507 688 2725 751 subli-

828 792 1060 866 mitaS,
1094 797 1174 854 ut
1207 789 1491 870 dignum
1534 795 1607 852 et
1641 789 1914 872 justum
1960 794 2091 864 est,
2126 789 2317 851 omni
2361 788 2571 869 regiae
2619 788 2721 851 di—

829 890 1084 972 gnitati
1129 897 1417 972 praestat
1446 890 1518 952 in
1566 889 1905 953 omnibus,
2008 887 2239 952 Ambo
2287 888 2533 952 Romae
2564 907 2729 950 con-

829 992 1134 1056 stituunt
1162 990 1524 1072 episcopos
1564 989 2087 1071 episcoporum:
2139 987 2510 1052 Lotharius
2546 987 2725 1050 Gre-

831 1091 1102 1172 gorium
1137 1090 1468 1154 canonice
1511 1089 1834 1165 electum,
1866 1087 2219 1169 Rogerius
2254 1087 2469 1151 Petro
2505 1086 2725 1150 Leoni

835 1191 1172 1254 Romanae
1219 1191 1410 1253 urbis
1456 1189 1800 1254 concessit
1832 1197 2193 1270 papatum.
2297 1186 2564 1252 Verum
2599 1186 2729 1252 hac

831 1291 1012 1354 inter
1061 1307 1180 1352 eos
1235 1288 1661 1353 dissensione
1706 1287 2157 1352 cardinalium
2205 1287 2606 1351 auctoritati
2662 1296 2732 1352 et

831 1388 1286 1472 praefectoriae
1319 1389 1643 1470 dignitati
1680 1387 2107 1469 displicente,
2137 1407 2371 1451 amore
2418 1388 2729 1470 pecuniae

833 1507 1016 1552 nunc
1034 1487 1452 1568 Gregorium
1470 1489 1541 1552 in
1567 1488 1760 1554 Petri
1781 1487 2217 1572 expulsione,
2238 1506 2417 1552 nunc
2443 1487 2727 1551 Petrum

833 1590 908 1652 iu
941 1587 1265 1668 Gregorii
1298 1589 1723 1663 exclusione,
1758 1588 1827 1650 in
1864 1587 2319 1669 apostolicam
2362 1587 2593 1652 sedem
2624 1608 2733 1652 re-

834 1689 1122 1771 cipiunt.
1224 1688 1666 1752 Constitutus
1723 1688 2021 1768 denique
2068 1706 2113 1750 a
2164 1686 2496 1751 Lothario
2551 1687 2729 1752 Gre-

835 1789 1072 1869 gorius
1151 1788 1604 1872 apostolicam
1676 1788 1857 1868 regit
1931 1786 2187 1850 sedem.
2325 1786 2629 1850 Electus
2686 1806 2729 1851 a

838 1887 1170 1970 Rogerio,
1220 1888 1414 1952 velut
1447 1889 1628 1952 alter
1670 1905 1880 1969 papa,
1918 1886 2285 1950 Lateranis
2330 1886 2511 1950 sedit
2546 1887 2725 1950 anti-

836 1989 957 2070 qui
985 1989 1178 2054 Petri
1206 1989 1458 2053 Leonis
1477 1987 1775 2062 soboleS,
1800 1985 2056 2050 Petrus
2077 1985 2260 2050 Leo:
2294 2005 2469 2069 quos
2499 1993 2729 2050 utros-

836 2107 973 2169 que
1005 2089 1065 2152 si
1101 2089 1417 2154 stimulat
1441 2087 1804 2169 dignitatis
1838 2086 2149 2163 ambiti0,
2176 2095 2422 2150 neuter
2446 2086 2727 2169 placens

837 2188 1018 2252 Deo.
1123 2189 1304 2268 Quae
1352 2205 1507 2252 cum
1556 2187 1733 2250 fiunt
1760 2187 1833 2249 in
1869 2186 2147 2262 mundo,
2184 2186 2318 2250 Dei
2362 2193 2729 2251 servantur

828 2286 1120 2371 judicio,
1182 2288 1386 2371 cujus
1437 2287 1709 2370 judicia
1769 2287 2064 2367 abyssus
2127 2286 2369 2352 multa.
2494 2285 2729 2350 Causa

838 2396 1050 2456 tantae
1095 2389 1544 2451 dissensionis
1596 2387 1665 2448 in
1718 2385 1945 2466 capite
1992 2385 2299 2450 omnium
2344 2405 2469 2468 per
2495 2388 2731 2450 orbem

785 2538 795 2547 .
837 2488 1285 2554 ecclesiarum
1345 2486 1875 2570 quamplurimis
1929 2485 2129 2549 annis
2197 2485 2477 2563 habitae,
2545 2506 2731 2551 com·-

837 2587 1029 2650 muni
1063 2589 1453 2670 principum
1482 2587 1772 2651 consilio
1802 2586 2136 2650 statuitur
2168 2584 2340 2663 dies,
2370 2606 2510 2667 quo
2555 2588 2741 2652 inter

839 2685 1197 2752 Romanos
1247 2699 1318 2756 et
1368 2687 1789 2769 Apulienses
1840 2685 2144 2749 duellum
2205 2686 2355 2763 fiat,
2410 2694 2482 2749 et
2539 2686 2734 2752 Deus

839 2784 1322 2869 Omnipotens,
1360 2785 1583 2869 judex
1633 2786 1961 2862 omnium,
2005 2786 2118 2853 cui
2167 2784 2587 2867 disposuerit
2624 2789 2728 2851 vi-

837 2887 1124 2949 ctoriam
1175 2887 1462 2952 tribuat.
1587 2885 2031 2967 congregato
2077 2886 2387 2950 exercitu
2434 2886 2576 2950 fere
2626 2887 2737 2951 in-

842 2986 1273 3061 numerabili,
1308 2984 1682 3049 Lotharius
1710 2986 2108 3068 imperator,
2141 2985 2303 3049 licet
2328 2986 2733 3051 infirmitate

837 3086 1132 3166 positus,
1168 3092 1702 3149 castrametatus
1744 3086 1950 3148 estin
1994 3083 2278 3167 Apulia.
2383 3085 2733 3167 Rogerius

839 3185 1208 3249 multorum
1233 3184 1523 3248 millium
1543 3184 1853 3267 peditum
1876 3192 1947 3248 et
1965 3184 2276 3267 equitum
2293 3185 2733 3251 multitudine

838 3284 1270 3367 constipatus
1331 3286 1649 3350 occurrit.
1760 3284 2162 3366 Pugnatum
2219 3291 2329 3350 est
2385 3287 2730 3369 utrinque,

837 3384 993 3451 Deo
1036 3392 1270 3448 autem
1319 3385 1420 3449 sic
1467 3384 1915 3466 disponente;
1966 3384 2345 3466 imperator
2381 3405 2540 3449 cum
2588 3387 2733 3451 suis

836 3483 1120 3549 vincens
1185 3483 1590 3565 triumphat,
1657 3482 2005 3564 Rogerius
2071 3503 2229 3549 cum
2297 3485 2443 3548 suis
2507 3485 2735 3550 victus

837 3580 1074 3661 fugam
1101 3581 1290 3660 iniit3
1321 3582 1522 3665 cujus
1548 3582 1742 3662 regia
1770 3601 2049 3660 corona,
2076 3603 2286 3665 quam
2316 3586 2445 3649 sibi
2474 3584 2733 3649 fecerat

839 3687 919 3746 ut
947 3699 1074 3745 rex
1119 3689 1591 3757 coronaretur,
1622 3701 1791 3747 auro
1836 3689 1909 3747 et
1944 3685 2232 3765 gemmis
2276 3685 2597 3766 pretiosis
2627 3704 2733 3748 re-

773 3850 779 3857 ,
839 3778 1107 3857 dimita,
1124 3788 1194 3845 et
1215 3780 1471 3863 regalis
1492 3781 1733 3845 lancea
1750 3799 1921 3847 auro
1945 3782 2380 3865 praefulgida,
2404 3784 2731 3847 insidiose

511 4094 642 4134 Βοιὼ
665 4094 753 4144 VI„

511 4145 618 4193 king
635 4145 683 4184 or

511 4194 687 4242 Frmce,
707 4197 774 4238 ob.

840 3887 1072 3947 tamen
1101 3889 1397 3963 reperta,
1419 3882 1491 3947 in
1522 3882 1776 3945 donum
1807 3883 2236 3964 acceptabile
2269 3882 2731 3965 imperatoriae

839 3982 1138 4050 traditur
1175 3982 1649 4060 excellentiae3
1695 3982 1816 4062 qui
1866 3981 2280 4064 repatrianS,
2324 4003 2464 4047 non
2512 3983 2745 4047 multo

838 4087 998 4162 post
1049 4100 1333 4162 regnum
1383 4100 1542 4144 cum
1578 4082 1723 4145 vita
1776 4081 2029 4145 amisit.
2134 4081 2552 4147 Ludowicus
2603 4102 2729 4146 rex

840 4178 1265 4245 Francorum
1307 4180 1502 4257 obiit,
1548 4180 1659 4245 cui
1689 4180 1871 4244 filius
1903 4201 2072 4246 suus
2109 4181 2525 4247 Ludowicus
2572 4202 2730 4247 suc-

836 4280 1067 4342 cessit.
1196 4280 1440 4343 Mense
1505 4281 1867 4345 Decembri
1926 4302 2049 4345 rex
2112 4280 2507 4365 Anglorum
2574 4283 2733 4346 Ste-
