3107 5054
836 433 969 500 278
1334 445 1830 496 con‘rmuxno
1877 447 2230 496 canonici

842 606 935 670 Et
968 621 1375 688 responsum
1409 611 1517 668 est
1548 606 1640 681 ei,
1675 611 1816 668 tam
1849 623 1896 668 a
1927 602 2114 668 clero
2144 621 2348 687 quam
2383 622 2430 666 a
2459 600 2746 684 populo,

840 724 960 770 eos
1004 705 1195 769 nullo
1230 704 1435 768 modo
1468 704 1646 768 velle
1687 703 1822 767 hoc
1863 703 2266 780 concedere,
2299 702 2421 767 sed
2471 703 2535 765 si
2581 721 2746 764 con-

844 807 1143 886 tingeret
1212 822 1535 885 guerram
1601 803 1876 878 durare,
1943 804 2096 867 sine
2169 823 2294 885 spe
2365 803 2562 885 pacis
2636 821 2746 864 re·

844 905 1243 980 formandae,
1286 903 1630 967 concessit
1676 904 1902 967 clerus
1942 903 2305 980 decimam,
2337 909 2408 966 et
2449 901 2752 983 populus

844 1004 1321 1081 undecimam3
1400 1011 1636 1066 tamen
1700 1003 1904 1068 modo
1963 1003 2095 1066 hoc
2154 1021 2362 1066 anno.
2469 1001 2566 1064 Et
2649 1001 2751 1063 sic

846 1109 1281 1168 recesserunt
1308 1103 1399 1165 ab
1426 1103 1744 1167 invicem.

522 1219 684 1259 aubert
701 1218 754 1256 «10
948 1201 1349 1266 Gilebertus
1399 1201 1485 1266 de
1534 1200 1765 1278 Clare,
1819 1219 2048 1264 comes
2107 1199 2532 1276 Gloverniae,
2585 1206 2752 1262 ante

523 1268 785 1358 3301123-
850 1301 1111 1366 Natale
1186 1301 1493 1376 Domini,
1555 1320 1736 1364 anno
1798 1301 2094 1383 septimo
2170 1307 2329 1382 post
2398 1301 2754 1380 inceptum

522 1374 589 1409 ω’
566 1379 645 1416 '⁰
619 1369 688 1408 ‘’¹'‘
844 1402 1255 1484 injuriosum
1310 1399 1684 1481 plurimum
1737 1400 1824 1464 de
1881 1400 1952 1464 la
2015 1400 2350 1480 Bigging,
2411 1406 2482 1463 et
2537 1401 2753 1462 vitam

847 1500 1073 1563 finivit
1102 1506 1172 1562 et
1200 1499 1570 1579 placitum3
1619 1501 1739 1581 qui
1769 1499 1958 1582 apud
1992 1497 2523 1579 Theukesburg,
2539 1497 2756 1580 juxta

846 1599 1363 1681 progenitorum
1422 1617 1706 1662 suorum
1757 1605 2223 1674 monumenta,
2269 1597 2596 1661 decenter
2651 1607 2758 1660 est

848 1698 1256 1762 tumulatus.
1340 1697 1499 1762 Hoc
1529 1717 1737 1774 anno,
1769 1699 2074 1763 secundo
2107 1698 2218 1761 die
2247 1697 2506 1762 mensis
2539 1696 2755 1761 Octo-

848 1799 1017 1875 bris,
1056 1797 1371 1862 dominus
1414 1797 1792 1874 RobertuS,
1841 1797 2400 1880 archiepiscopus
2446 1795 2755 1860 Gantna-

850 1898 1122 1974 riensis,
1160 1897 1233 1959 in
1267 1898 1432 1961 sede
1470 1915 1601 1960 sua
1644 1897 2044 1979 pontificali,
2078 1897 2356 1960 domino
2395 1916 2558 1977 rege
2600 1915 2758 1959 cum

850 1997 1248 2078 proceribus
1292 2003 1367 2060 et
1400 1997 1614 2060 etiam
1659 1993 1802 2060 fere
1851 1998 2072 2062 totius
2117 1995 2758 2078 archiepiscopatus

848 2095 960 2159 sui
1004 2095 1461 2177 suffraganeis
1513 2097 1998 2177 praesentibuS,
2047 2096 2448 2160 solemniter
2489 2103 2601 2159 est
2653 2096 2757 2158 in·

852 2193 1309 2259 thronizatus.

532 2311 615 2350 'rte
590 2320 717 2349 ena-0
737 2309 787 2348 or
954 2295 1297 2358 Dominus
1331 2293 1638 2357 Thomas
1685 2295 1774 2358 de
1809 2294 2207 2369 Turbevile,
2243 2295 2442 2358 miles
2476 2294 2759 2376 quidam

531 2361 621 2450 {ht
601 2371 718 2449 Γ
704 2359 789 2448 11⁶⁰
856 2393 941 2456 de
1006 2392 1326 2457 Marchia
1383 2393 1739 2470 oriunduS,
1791 2394 2212 2459 domesticus
2273 2403 2342 2458 et
2409 2393 2762 2476 praecipue

855 2492 1114 2556 domini
1146 2493 1331 2575 regis
1372 2491 1647 2575 Angliae
1696 2493 2076 2571 familiaris,
2113 2513 2271 2559 cum
2309 2494 2529 2577 ipsius
2575 2494 2760 2575 regis

856 2593 1163 2657 exercitu
1227 2593 1317 2657 ad
1378 2591 1804 2657 Gasconiam
1857 2604 1964 2659 est
2023 2594 2350 2671 directus,
2417 2594 2538 2665 ubi
2605 2612 2760 2656 cum

856 2693 1208 2756 nonnullis
1238 2712 1387 2757 suae
1430 2692 1695 2757 militiae
1733 2693 2317 2759 commilitonibus
2351 2695 2423 2755 in
2459 2693 2761 2775 quodam

858 2792 1179 2855 conflictu
1244 2812 1287 2855 a
1348 2792 1772 2856 Francorum
1833 2793 2144 2857 exercitu
2199 2799 2448 2875 captus
2503 2799 2638 2869 est,
2695 2802 2764 2857 et

856 2890 929 2951 in
975 2897 1171 2953 arcta
1216 2891 1551 2966 custodia,
1591 2894 1723 2957 sub
1768 2893 2140 2957 eorundem
2186 2900 2536 2975 potestate
2575 2911 2761 2955 com-

859 2988 1249 3052 mendatus.
1357 2989 1640 3053 Interea
1684 2992 1768 3055 de
1797 3010 1959 3074 rege
1987 2991 2267 3074 Angliae
2299 2991 2659 3067 tradendo,
2693 3000 2762 3055 et

858 3108 985 3170 per
1040 3087 1400 3153 consilium
1460 3088 1614 3173 ejus
1672 3091 2087 3169 seducendo,
2149 3093 2332 3155 inter
2399 3092 2634 3174 ipsum
2695 3098 2764 3154 et

860 3208 1093 3271 regem
1168 3188 1484 3253 Franciae
1540 3197 1936 3256 tractatum.
2072 3189 2232 3269 Quo
2295 3190 2506 3268 facto,
2567 3190 2768 3272 quasi

860 3287 1116 3353 furtive
1166 3290 1495 3353 carcerali
1552 3289 1832 3372 elapsus
1891 3291 2231 3367 custodia,
2283 3290 2369 3353 ad
2432 3289 2765 3371 Angliam

862 3388 1088 3462 rediit,
1120 3408 1351 3468 regem
1392 3388 1586 3466 adiit,
1616 3397 1688 3452 et
1728 3398 2086 3471 gratanter
2125 3410 2170 3453 a
2201 3408 2365 3470 rege
2399 3389 2768 3466 admissae,

862 3486 993 3546 sub
1046 3485 1259 3547 ovina
1290 3486 1472 3566 pelle
1526 3488 1826 3569 pallians
1872 3489 2212 3554 malitiam
2261 3508 2483 3553 suam.
2587 3488 2769 3553 Con-

864 3591 1149 3647 venerat
1178 3584 1516 3667 siquidem
1565 3607 1720 3651 cum
1761 3608 1923 3670 rege
1959 3588 2296 3665 Franciae,
2331 3588 2516 3669 quod
2547 3596 2765 3653 totam

863 3681 1218 3764 Angliam,
1279 3692 1500 3749 totam
1550 3687 1988 3765 Hiberniam,
2035 3696 2258 3752 totam
2319 3686 2650 3765 Scotiam,
2699 3697 2769 3752 et

863 3791 1085 3846 totam
1158 3784 1515 3862 Walliam,
1573 3806 1712 3850 uno
1785 3795 1858 3851 et
1935 3788 2175 3853 eodem
2245 3794 2578 3870 tempore,
2641 3788 2767 3851 sub

864 3902 1117 3962 guerra
1172 3885 1624 3949 constitueret
1670 3887 2023 3967 generali:
2078 3894 2158 3952 ut
2212 3886 2553 3962 videlicet,
2605 3906 2766 3968 rege

864 3979 1142 4062 Angliae
1174 3992 1319 4047 tam
1350 3984 1828 4065 multipliciter
1871 3994 2234 4068 occupato,
2267 3986 2538 4049 navalis
2571 4006 2764 4049 exer·

864 4081 1041 4143 citus
1119 4083 1303 4163 regis
1383 4082 1700 4147 Franciae
1760 4085 1848 4147 ad
1929 4103 2406 4167 quemcunque
2484 4085 2767 4164 eligeret

868 4188 1140 4259 portum
1184 4180 1487 4262 Angliae‚
1534 4182 1723 4247 nullo
1774 4186 2136 4249 resistente
2181 4184 2287 4247 vel
2338 4184 2768 4265 impediente
