3107 5054
837 472 1225 522 rnonnwrn
1277 471 1846 522 wmonnnmms.
2168 459 2299 524 103

381 630 457 686 ut
491 624 728 688 vinum
763 624 852 688 ad
885 626 1129 689 altaris
1164 624 1579 688 sacrificium
1612 643 1803 688 more
1832 625 2039 690 solito
2069 625 2291 708 daret,

378 742 537 785 cum
570 723 833 788 famulo
857 745 986 788 suo
1009 726 1360 802 intrasset,
1392 723 1699 806 repperit
1724 744 1929 790 unam
1957 725 2043 790 de
2066 728 2286 810 cupis,

377 841 592 904 quam
636 823 960 889 hesterna
1001 824 1112 889 die
1154 825 1429 906 plenam
1483 823 1882 905 reliquerat,
1931 844 2149 910 usque
2195 829 2285 894 ad

373 919 687 988 foramen
751 925 992 1002 obicis,
1062 925 1182 1007 qui
1242 925 1504 989 usitato
1562 925 1834 989 nomine
1896 925 2101 1010 spina
2158 947 2283 994 seu

371 1023 726 1103 pessulum
754 1023 1030 1101 dicitur,
1066 1031 1498 1100 evacuatam,
1529 1031 1601 1088 et
1633 1024 1870 1088 vinum
1901 1045 2026 1109 per
2055 1033 2281 1092 totum

372 1123 844 1203 pavimentum
897 1124 1244 1189 diffusum.
1348 1124 1489 1203 Qui
1540 1124 1854 1206 graviter
1899 1126 1985 1189 de
2030 1125 2281 1192 damno

372 1223 557 1305 quod
592 1224 941 1288 acciderat
966 1224 1452 1307 ingemiscens,
1483 1224 1819 1287 famulum
1852 1223 1972 1309 qui
2002 1229 2281 1293 astabat

371 1322 747 1405 asperrime
797 1324 1206 1407 increpavit,
1250 1324 1510 1401 dicens,
1556 1343 1711 1386 eum
1768 1327 2122 1408 praeterito
2157 1348 2277 1392 ve-

371 1441 572 1504 spere
621 1422 850 1487 minus
897 1425 1268 1508 diligenter
1299 1426 1561 1489 obicem
1610 1423 1945 1502 firmasse,
1984 1425 2277 1510 ideoque

370 1521 699 1588 damnum
763 1523 1158 1608 hujusmodi
1215 1525 1615 1607 contigisse.
1721 1523 1813 1589 Et
1874 1524 1982 1590 his
2044 1526 2273 1606 dictis,

369 1624 498 1686 sub
537 1623 1095 1689 interminatione
1140 1626 1474 1707 praecepit
1507 1625 1596 1702 ei,
1630 1643 1716 1687 ne
1734 1701 1739 1706 p
1760 1624 1972 1689 alicui
2016 1624 2275 1694 diceret

369 1724 554 1803 quod
601 1724 988 1802 acciderat;
1035 1725 1300 1789 veritus
1348 1744 1435 1789 ne
1479 1725 1540 1788 si
1592 1725 1808 1788 abbas
1864 1724 1994 1789 hoc
2039 1727 2268 1793 animo

365 1823 780 1907 perciperet,
807 1825 1302 1890 contumeliose
1336 1843 1495 1889 eum
1524 1823 1749 1888 officio
1780 1844 1910 1890 suo
1940 1826 2264 1908 privaret.

370 1921 590 1988 Facto
655 1931 886 1988 autem
949 1945 1255 2008 vespere,
1314 1925 1718 2008 priusquam
1780 1924 2031 1990 fratres
2089 1927 2269 1992 irent

369 2024 702 2101 cubitum,
759 2024 1112 2089 cellarium
1157 2025 1470 2102 intravit,
1517 2025 1749 2089 obices
1793 2043 2143 2104 vasorum,
2193 2025 2266 2090 in

365 2122 614 2203 quibus
645 2125 878 2189 vinum
921 2125 1327 2203 habebatur,
1371 2125 1895 2206 diligentissime
1937 2124 2266 2204 firmavit,

366 2223 740 2306 clausoque
781 2226 984 2303 ostio,
1013 2225 1264 2289 lectum
1301 2226 1523 2308 petiit.
1632 2223 1846 2288 Mane
1888 2232 2124 2289 autem
2159 2226 2263 2290 fa·

365 2330 498 2404 cto,
535 2344 693 2387 cum
749 2325 1128 2402 cellarium,
1173 2327 1355 2390 sicut
1395 2330 1876 2401 consueverat,
1913 2324 2265 2405 intrasset,

363 2423 537 2487 vidit
564 2424 772 2489 aliam
806 2445 1056 2508 cupam
1097 2444 1318 2508 usque
1353 2425 1441 2489 ad
1471 2431 1777 2488 meatum
1808 2425 2049 2501 obiciS,
2080 2427 2265 2491 sicut

365 2525 608 2606 pridie,
667 2524 830 2591 vino
890 2525 1261 2605 defluente,
1328 2532 1723 2592 vacuatam.
1862 2524 2023 2604 Quo
2088 2527 2264 2606 vis0,

364 2625 564 2708 cujus
613 2627 1057 2710 negligentiae
1105 2626 1435 2691 damnum
1484 2625 1617 2689 boc
1662 2624 2040 2708 imputaret
2066 2628 2267 2709 igno-

366 2744 550 2802 ranS,
591 2729 924 2809 graviter,
954 2746 1092 2791 non
1133 2728 1280 2791 sine
1323 2744 1582 2808 magna
1629 2725 2110 2804 admiratione,
2156 2729 2263 2792 in-

363 2824 627 2904 doluit,·
654 2827 1055 2911 famuloque
1101 2847 1232 2892 suo
1283 2847 1370 2891 ne
1417 2828 1667 2910 cuique
1714 2825 2035 2907 proderet
2081 2828 2265 2910 quod

361 2926 711 2991 acciderat
765 2928 992 2991 denuo
1045 2928 1478 3010 praecipiens,
1525 2926 1930 3008 priusquam
1976 2946 2266 3009 vespere

359 3023 616 3089 lectum
666 3034 936 3110 peteret
965 3046 1204 3091 omnes
1249 3028 1480 3091 obices
1524 3045 1861 3108 cuparum
1906 3026 2268 3108 diligentia

361 3143 502 3206 qua
565 3128 796 3209 potuit
855 3128 1190 3205 muniens,
1249 3126 1470 3191 tristis
1527 3132 1601 3189 et
1655 3124 1907 3189 anxius
1968 3134 2265 3191 stratum

360 3224 554 3289 adiit.
650 3226 1090 3309 Surgensque
1119 3227 1447 3302 dilucu10‚
1479 3231 1724 3307 aperto
1754 3224 2061 3302 cellario,
2092 3226 2266 3290 vidit

359 3324 467 3388 die
521 3326 731 3389 tertia
788 3345 969 3410 cupa
1021 3327 1376 3410 pessulum
1429 3330 1847 3401 extractum,
1903 3330 1975 3387 et
2026 3324 2261 3387 vinum

359 3444 581 3508 usque
631 3426 720 3490 ad
777 3426 1085 3491 foramen
1132 3426 1447 3490 effusum.
1574 3422 1777 3487 Unde
1829 3439 1970 3486 non
2023 3423 2262 3489 imme—

357 3525 492 3589 rito
536 3545 748 3608 super
781 3526 889 3590 his
942 3546 1096 3609 quae
1149 3526 1549 3589 acciderant
1578 3522 2011 3607 perterritus,
2046 3531 2118 3587 et
2159 3524 2262 3587 di-

357 3626 543 3689 utius
572 3645 932 3705 commune
962 3627 1286 3690 damnum
1323 3624 1530 3689 silere
1559 3631 1898 3699 metuenS,
1930 3625 2019 3688 ad
2049 3625 2263 3689 abba-

356 3731 494 3789 tem
548 3725 929 3803 festinavit,
962 3726 1252 3809 ejusque
1295 3725 1589 3807 pedibus
1631 3723 2069 3804 provolutus,
2105 3742 2261 3806 quae

357 3826 630 3889 viderat
673 3845 800 3908 per
843 3827 1150 3890 ordinem
1203 3826 1593 3896 intimavit;
1651 3823 1792 3903 qui,
1829 3821 2070 3886 habito
2104 3842 2260 3886 cum

354 3925 686 3989 fratribus
745 3927 1062 4003 consiliO,
1090 3926 1308 4009 jussit
1346 3931 1422 3987 ut
1463 3923 1695 3987 obices
1731 3940 2053 3985 vasorum
2102 3940 2261 4003 quae

351 4026 591 4088 vinum
644 4026 1013 4102 habebant,
1050 4027 1671 4107 advesperascente
1724 4021 1856 4099 die,
1892 4022 2261 4087 chrismate

350 4125 1018 4206 circumlinirentur3
1065 4126 1250 4207 quod
1314 4132 1385 4188 et
1435 4124 1696 4187 factum
1754 4130 1881 4185 est.
2004 4122 2258 4187 Illuce-

351 4234 584 4289 scente
630 4232 862 4291 autem
910 4227 1045 4303 die,
1081 4226 1456 4309 praedictus
1508 4223 1724 4286 frater
1758 4242 1845 4286 ex
1896 4242 2083 4288 more
2122 4225 2260 4289 cel-
