3107 5054
800 509 1184 557 nonem-11
1239 508 1798 559 wmomtmnsls.
2119 497 2252 561 209

342 664 610 729 auxilio
669 676 792 731 aut
860 670 1150 733 consilio
1206 668 1465 733 eisdem
1534 670 2074 747 consentientes,
2123 679 2246 736 aut

339 774 702 831 contractu
741 769 1228 851 qualicumque
1262 787 1419 832 cum
1478 770 1578 832 eis
1626 770 2244 849 communicantes,

342 866 641 946 pulsatis
668 870 1047 951 campanis,
1080 868 1391 933 accensis
1416 868 1816 948 luminariiS,
1835 872 2246 935 sententiam

341 968 1073 1033 excommunicationis
1097 969 1368 1052 publice
1396 975 1466 1032 et
1492 968 1890 1033 solemniter
1910 970 2242 1036 tulerunt.

346 1062 527 1141 Quae
558 1066 835 1148 quidem
878 1069 1242 1145 sententia,
1272 1067 1511 1133 habito
1561 1068 1936 1133 Londoniae
1976 1071 2243 1153 episco-

342 1184 594 1245 porum
624 1165 900 1248 Angliae
934 1169 1246 1245 concilio,
1273 1168 1384 1232 die
1418 1167 1487 1231 S.
1528 1167 1740 1233 Lucae
1771 1168 1890 1251 [18
1926 1169 2121 1252 Oct.]
2153 1172 2244 1235 ab

344 1266 455 1327 eis
500 1273 837 1331 renovata
868 1274 998 1343 est,
1044 1274 1115 1332 et
1159 1267 1608 1342 confirmata;
1659 1270 1747 1333 ad
1793 1268 1994 1351 cujus
2039 1290 2240 1334 enor-
2265 1286 2360 1327 ‘nae
2374 1286 2482 1337 king

340 1365 611 1429 mitatis
658 1366 885 1429 scelus
928 1367 999 1429 in
1041 1368 1670 1447 transgressoribus
1721 1368 2241 1448 refundendum,
2296 1340 2484 1427 οιῗῗπιιῖιι.

336 1471 575 1529 motus
619 1466 936 1530 dominus
988 1486 1115 1531 rex
1160 1486 1401 1531 versus
1450 1466 1686 1550 partes
1733 1466 2242 1547 NorwicenseS,

338 1564 457 1627 die
477 1564 825 1647 S.AEgidii
846 1567 919 1648 [1
943 1567 1171 1649 Sept.]
1196 1568 1381 1649 a'pud
1400 1567 1730 1631 Sanctum
1758 1567 2240 1634 Eadmundum

346 1665 679 1745 accessit3
769 1666 1157 1749 ibidemque
1231 1670 1440 1750 super
1513 1668 1794 1748 negotio
1863 1678 2244 1735 memorato

338 1764 803 1829 consulendos
861 1767 1217 1831 universos
1285 1766 1501 1830 totius
1542 1765 1852 1848 .Angliae
1925 1788 2242 1850 proceres

342 1864 623 1928 vocavit
651 1872 721 1929 et
752 1873 1137 1947 magnates,
1230 1865 1436 1930 Mora
1456 1867 1673 1947 igitur
1701 1866 1948 1929 ibidem
1979 1888 2102 1949 per
2133 1885 2240 1935 xl.

343 1962 492 2027 dies
555 1964 762 2042 facta,
830 1965 941 2029 die
1015 1965 1423 2029 Sanctorum
1494 1965 1742 2029 Prothi
1803 1972 1873 2030 et
1937 1968 1986 2031 J
1992 1969 2242 2033 acincti

339 2063 463 2144 [ll
528 2064 751 2147 Sept.]
818 2084 1058 2129 versus
1120 2063 1546 2141 Norwicum,
1604 2085 1732 2147 pro
1787 2065 2093 2132 vindicta
2157 2068 2244 2132 de

334 2168 543 2226 tanto
574 2164 831 2228 scelere
861 2163 1221 2248 capienda,
1251 2164 1383 2229 iter
1412 2166 1728 2248 arripuit.
1803 2165 1945 2243 Qui
1976 2186 2237 2231 moram
2268 2178 2556 2268 gffiighment

342 2261 595 2327 ibidem
646 2284 771 2346 per
810 2264 955 2328 dies
992 2280 1161 2329 x111.
1207 2265 1492 2341 faciens,
1534 2265 1859 2327 vindictae
1904 2265 1990 2328 de
2043 2274 2241 2331 tanto
2268 2280 2432 2319 noter·-

344 2362 604 2427 scelere
666 2365 983 2446 quamvis
1042 2384 1180 2428 non
1235 2364 1321 2427 ad
1384 2363 1663 2446 plenum
1730 2364 2061 2428 faciendae
2114 2366 2240 2430 ali-

344 2464 755 2544 quantulum
795 2464 1119 2538 indulsit,
1173 2464 1457 2545 triginta
1499 2481 1798 2545 namque
1841 2471 1912 2527 et
1943 2473 2245 2547 quatuor

344 2563 497 2638 viri,
554 2583 829 2646 unaque
886 2564 1132 2627 mulier
1181 2564 1266 2627 de
1318 2570 1515 2627 tanta
1571 2563 2035 2640 multitudine,
2085 2566 2243 2630 reli-

344 2667 637 2744 quorum
674 2664 1043 2746 marsupiis
1078 2683 1123 2726 a
1153 2662 1526 2727 curialibus
1565 2665 1926 2740 emunctiS,
1965 2663 2242 2747 quidam

344 2761 623 2844 quidem
696 2782 819 2844 per
894 2764 1085 2826 vicos
1164 2763 1481 2840 civitatis·
1548 2763 1888 2839 distracti,
1965 2765 2244 2845 quidam

343 2863 683 2943 suspensi,
708 2863 990 2944 quidam
1021 2862 1385 2940 combusti,
1419 2863 1731 2926 nonnulli
1762 2863 1970 2930 etiam
1995 2883 2244 2928 eorum

340 2960 771 3042 singularum
796 2981 1160 3045 poenarum
1194 2962 1499 3043 ipsarum
1532 2963 1850 3028 mulctati
1881 2964 2243 3047 supplicio,

341 3081 587 3143 poenas
617 3063 893 3126 luerunt
923 3059 1375 3125 caeterorum.¹

445 3160 895 3225 Eadmundus
944 3161 1029 3224 de
1087 3160 1521 3238 Alemannia,
1571 3181 1798 3226 comes
1847 3163 2241 3240 Cornubiae,

340 3260 547 3326 duxit
581 3261 653 3323 in
684 3265 977 3325 'uxorem
1010 3261 1505 3342 Margaretam,
1538 3279 1840 3324 sororem
1879 3261 2236 3339 Gileberti,

340 3360 615 3424 comitis
689 3358 1133 3437 Gloverniae,'
1185 3361 1257 3424 in
1336 3361 1637 3424 crastino
1702 3360 1976 3424 Sanctae
2048 3361 2241 3425 Fidis

340 3460 417 3541 [6
449 3459 672 3540 Oct.],
702 3461 821 3542 qui
868 3480 1008 3524 una
1042 3479 1197 3524 cum
1254 3459 1566 3524 Henrico
1609 3462 1694 3524 de
1745 3461 1960 3545 Lacy,
1991 3461 2241 3526 comite

343 3559 830 3638 Lincolniensi,
878 3561 989 3639 die
1034 3560 1547 3624 Translationis
1594 3561 1665 3624 S.
1700 3560 2068 3626 Eadwardi
2121 3562 2242 3644 [13

339 3658 563 3740 Oct.],
598 3661 948 3724 accinctus
993 3667 1101 3724 est
1143 3658 1576 3724 militaribus.
1683 3658 1909 3725 Adam
1957 3662 2040 3725 de
2073 3660 2236 3725 Chi·
2264 3646 2494 3761 3353ng

404 3811 423 3842 ¹
462 3815 801 3878 Caeterorum]
846 3814 1021 3863 Trivet
1054 3813 1262 3863 informs
1310 3814 1497 3862 dictam
1532 3814 1908 3863 malefactorum
1945 3814 2083 3862 misit
2114 3815 2238 3864 illuc
2432 3803 2439 3809 ’

334 3899 397 3933 us
419 3883 529 3933 that
561 3884 641 3932 his
663 3883 829 3933 father
862 3899 973 3933 was
993 3883 1079 3932 the
1103 3885 1262 3946 justi·
1302 3885 1640 3946 justitiarium
1693 3883 1904 3932 militem
1966 3884 2236 3948 quendm,

334 3956 477 4016 ciary
498 3954 766 4015 employed
799 3969 861 4002 on
885 3955 987 4004 this
1009 3955 1259 4004 occasion.
1311 3954 1551 4004 'rhomam
1585 3953 1802 4002 Treveth
1836 3955 2048 4014 dictum,
2071 3955 2161 4014 qui
2185 3958 2238 4004 et

337 4024 629 4085 According
649 4028 701 4072 to
720 4023 845 4088 him,
867 4025 908 4072 it
927 4023 1101 4073 would
1124 4037 1259 4073 seem
1302 4025 1618 4086 justitiarius
1647 4024 1845 4072 itineris
1876 4023 2043 4072 fuerat
2064 4024 2129 4072 de
2151 4039 2236 4072 co-

333 4094 445 4142 that
468 4093 650 4154 Henry
670 4094 952 4154 proceeded
983 4109 1048 4143 no
1069 4093 1263 4142 further
1310 4108 1450 4155 rona,
1472 4095 1621 4156 cujus
1653 4095 1789 4142 filius
1815 4098 1941 4155 erat,
1975 4094 2066 4154 qui
2093 4093 2239 4141 chro-

336 4163 457 4212 tban
504 4164 667 4224 Bury.
757 4164 861 4213 His
915 4164 1085 4212 words
1141 4179 1260 4213 are:
1308 4165 1473 4213 nicam
1496 4165 1646 4214 istam
1662 4159 2100 4226 scripsit‚’p.1279,
2115 4163 2241 4212 edit.

332 4234 537 4295 ‘Super
580 4248 685 4294 qua
728 4248 783 4282 re
827 4234 1124 4297 indignatus
1168 4234 1259 4282 ad·
1309 4235 1371 4286 Ε.
1389 4234 1463 4284 Η.
1481 4234 1536 4292 S,

334 4305 538 4352 modum
582 4318 673 4352 rex
718 4303 996 4366 Henricus,
1039 4304 1103 4353 ad
1154 4305 1257 4352 vin-

434 4418 605 4467 TOM.
645 4417 718 4469 11.
1904 4420 1941 4465 P
