3107 5054
890 484 1066 547 xviii
1668 500 2014 549 PREFAGE.

892 656 1171 720 Domini
1208 672 1551 721 mcxvlu.
1592 658 1765 722 obiit
1809 658 2125 721 dominus
2175 655 2596 733 Florentiae,
2633 655 2784 720 Wi-

890 756 1155 835 gorniae
1189 756 1590 833 monachus,
1620 756 1821 839 cujus
1849 757 2126 822 literato
2151 756 2391 823 labore
2413 755 2784 838 plurimum

886 853 1193 919 adaucta
1220 862 1329 919 est
1362 856 1502 921 ista
1536 856 1878 921 historia.’

1727 1086 1961 1099 *-

1541 1253 1587 1316 J
1595 1252 1763 1316 ΟΗ.
1821 1250 2121 1317 BALEI

1446 1408 1523 1449 DE:
1563 1408 1760 1450 nomm
1799 1410 2223 1452 mmomuu.

1240 1524 1347 1588 [Ex
1372 1525 1502 1573 libro
1523 1524 1590 1573 de
1611 1524 1776 1587 Serip.
1798 1526 1935 1588 Ang.
1960 1524 2086 1574 Cen.
2109 1529 2159 1587 2,
2182 1538 2296 1586 cap.
2319 1522 2428 1587 66.]

987 1649 1384 1714 Florentius
1418 1649 1800 1726 BavoniuS,
1832 1647 2339 1729 wigorniensis
2379 1646 2780 1722 monachuS,

880 1749 1086 1813 homo
1122 1756 1418 1832 utraque
1454 1748 1848 1831 disciplina,
1881 1746 2184 1811 humana
2228 1754 2300 1811 et
2341 1747 2598 1821 divina„
2631 1747 2775 1829 opi·
2829 1813 2836 1819 ,

880 1867 1050 1930 pare
1090 1850 1447 1931 praeditus,
1486 1848 1870 1913 maximum
1904 1847 2032 1911 sibi
2067 1867 2158 1912 ex
2192 1846 2396 1911 editis
2426 1846 2776 1927 opusculis

876 1947 1213 2013 doctrinae
1262 1949 1712 2029 comparabat
1765 1966 2037 2011 nomen.
2142 1946 2513 2027 Ingenium
2567 1945 2774 2028 plane

879 2047 1147 2123 habuit,
1177 2048 1266 2112 ad
1312 2048 1800 2130 quodcumque
1827 2046 2130 2122 volebat,
2161 2053 2478 2128 apertum
2511 2052 2586 2109 et
2611 2064 2774 2110 cou-

878 2147 1219 2228 spicuum,
1294 2147 1696 2212 memoriam
1773 2145 2203 2227 splendidam
2280 2163 2366 2209 ac
2455 2142 2773 2210 foelicem.

877 2246 1053 2310 Tam
1110 2248 1409 2329 ingenue
1458 2266 1503 2311 a
1546 2244 1804 2311 teneris
1859 2246 2054 2309 annis
2103 2243 2466 2309 institutus
2500 2242 2655 2320 fuit,
2703 2251 2777 2309 et

874 2346 979 2409 ita
1036 2347 1126 2410 ad
1198 2348 1372 2411 bene
1427 2345 1824 2409 merendum
1897 2362 2308 2427 propensuS,
2363 2350 2448 2407 ut
2507 2343 2774 2408 nullum

876 2445 1139 2507 sineret
1190 2445 1544 2525 praeterire
1606 2443 1811 2520 diem,
1872 2444 2040 2524 quin
2113 2442 2418 2525 aliquam
2489 2442 2774 2507 duceret

877 2543 1131 2606 lineam
1166 2543 1253 2606 ad
1276 2543 1523 2627 patriae
1559 2562 1707 2608 suae
1739 2543 2195 2626 splendorem.
2288 2543 2397 2608 Ex
2432 2542 2771 2626 frequenti

874 2648 951 2706 et
1002 2643 1243 2707 crebra
1290 2643 1774 2708 chronicorum
1831 2641 2150 2718 lectione,
2201 2641 2768 2724 chronographus

871 2743 1105 2806 evasit
1134 2749 1341 2806 aetate
1377 2761 1505 2807 sua
1534 2759 1869 2823 magnus:
1919 2741 2225 2818 Gildam,
2259 2741 2546 2818 Bedam,
2579 2741 2770 2807 Ado-

878 2859 1060 2917 nem,
1092 2840 1511 2919 Marianum,
1561 2841 2018 2922 Sigebertum,
2051 2847 2124 2906 et
2153 2840 2412 2906 similes
2452 2841 2770 2923 religiose

874 2947 1237 3022 sequutus.
1360 2940 1750 3006 Illustrium
1825 2941 2130 3006 virorum
2203 2939 2412 3017 facta,
2491 2949 2769 3005 servato

872 3045 1263 3120 temporum
1314 3039 1576 3116 ordine,
1637 3059 1718 3106 ac
1775 3040 2008 3104 debito
2055 3039 2361 3104 locorum
2410 3039 2765 3116 iconismo,

873 3143 953 3200 ut
994 3137 1339 3220 pellucida
1384 3139 1704 3221 quaedam
1751 3139 2044 3221 pictura,
2093 3140 2182 3202 ob
2229 3137 2467 3202 oculos
2515 3140 2764 3220 posuit.

873 3235 1077 3301 Unde
1110 3238 1403 3320 posteris
1446 3237 1721 3304 demum
1769 3238 2070 3322 reliquit,
2118 3238 2206 3303 ad
2251 3237 2588 3302 celebrem
2624 3237 2765 3302 An-

868 3335 1071 3415 glicae
1114 3338 1556 3420 antiquitatis
1603 3339 2026 3414 memoriam,
2069 3337 2328 3404 eximia
2353 3337 2613 3418 ingenii
2655 3339 2766 3401 sui

867 3442 1312 3498 monumenta
1357 3442 1426 3498 et
1471 3435 1677 3511 dona,
1712 3435 1964 3503 Latino
2006 3455 2320 3502 sermone
2349 3437 2762 3517 conscripta„

870 3531 1065 3596 Obiit
1113 3533 1409 3610 tandem,
1444 3552 1583 3597 non
1629 3535 1779 3597 sine
1824 3553 2106 3599 suorum
2136 3535 2352 3610 luctu,
2401 3554 2583 3598 anno
2613 3538 2762 3600 nati

867 3630 1258 3696 Servatoris
1305 3648 1626 3709 M.cxlx.,
1669 3634 1800 3696 sub
1849 3633 2157 3697 Henrico
2190 3634 2451 3710 Primo,
2491 3634 2760 3714 Anglo-

866 3750 1016 3793 rum
1044 3749 1230 3811 rege.
1305 3730 1513 3794 Hunc
1542 3738 1929 3814 sequuntur
1958 3752 2040 3796 ac
2069 3733 2352 3796 laudant
2381 3730 2760 3797 Gualterus

868 3828 1405 3907 coventriensis,
1438 3830 1855 3914 Ranulphus
1889 3832 2280 3914 Higdenus,
2299 3838 2369 3896 et
2399 3831 2444 3894 J
2451 3831 2758 3896 ohannes

868 3927 1157 3991 RossuS.
