3107 5054
796 479 928 545 138
1303 492 1575 548 com-m
1586 492 1809 541 orno
1856 491 2207 540 canorum

793 650 1092 734 majores
1135 647 1438 731 Angliae,
1487 655 1637 712 tam
1688 648 1998 731 episcopi
2046 667 2259 731 quam
2298 648 2585 713 comites
2630 655 2705 714 et

549 800 606 829 0„
635 790 690 830 „u
708 793 754 830 ,2
793 753 1114 816 barones.
1220 749 1522 814 Peracta
1579 749 1799 830 igitur
1856 748 2307 814 sollennitate
2370 747 2703 831 paschali,

469 791 507 828 A
525 801 548 829 e
606 801 634 829 n

465 841 658 881 London.

471 3376 724 3416 Coronation

475 3427 688 3516 orePrinoe

793 850 1101 934 perrexit
1155 848 1315 913 inde
1370 847 1799 925 Lundonias,
1850 858 1922 913 et
1982 849 2081 912 ibi
2140 866 2473 929 magnum
2520 847 2703 912 cele-

791 950 1024 1015 bravit
1050 949 1442 1014 concilium·
1465 947 1552 1011 de
1598 948 2049 1012 coronatione
2084 946 2403 1024 Hem-ici,
2432 947 2559 1016 filii
2588 949 2700 1011 sui

795 1049 1104 1134 majoris,
1161 1056 1234 1114 et
1274 1047 1364 1112 de
1405 1047 1692 1112 statutis
1734 1048 1933 1128 regni
1976 1047 2128 1112 sui:
2174 1054 2247 1111 et
2291 1046 2545 1112 ibidem
2586 1046 2701 1111 de-

793 1150 1024 1232 posuit
1055 1148 1198 1212 sere
1228 1165 1466 1212 omnes
1496 1147 1937 1211 vicecomites
1966 1143 2245 1228 Angliae
2278 1155 2351 1212 et
2377 1147 2699 1211 baillivus

794 1268 1058 1326 eorum,
1110 1268 1236 1330 pro
1285 1266 1370 1311 eo
1415 1245 1604 1329 quod
1648 1245 1831 1310 male
1870 1252 2345 1311 tractaverant
2391 1246 2700 1310 homines

792 1348 990 1430 regni
1037 1347 1170 1411 sui.
1269 1346 1366 1410 Et
1405 1346 1883 1428 unusquisque
1910 1346 2393 1411 vicecomitum
2424 1353 2497 1410 et
2528 1345 2699 1409 bail-

790 1446 918 1512 livi
945 1465 1185 1511 eorum
1222 1445 1490 1528 plegios
1521 1445 1940 1510 invenerunt
1968 1444 2054 1509 de
2082 1444 2357 1528 seipsis,
2388 1445 2573 1528 quod
2604 1445 2699 1509 ad

792 1553 1056 1616 rectum
1097 1551 1370 1610 starent
1411 1552 1483 1607 et
1522 1543 2051 1609 adrescisndum
2096 1545 2382 1609 domino
2424 1545 2573 1626 regi
2624 1551 2697 1610 et

793 1645 1182 1709 hominibus
1211 1643 1430 1725 regni,
1466 1643 1655 1727 quod
1697 1644 1797 1708 eis
1831 1644 2220 1709 adl-eseiam
2254 1644 2583 1709 deberent
2610 1644 2699 1708 de

794 1745 1002 1828 prisis
1051 1744 1239 1822 suis3
1291 1750 1362 1807 et
1405 1751 1653 1826 postea
1698 1743 1867 1808 {iecit
1922 1763 2049 1808 rex
2099 1751 2336 1808 omnes
2388 1743 2698 1808 homines

793 1844 990 1926 regni
1021 1845 1153 1920 sui,
1189 1842 1452 1907 scilicet
1481 1844 1791 1921 comites,
1824 1845 2143 1919 barones,
2186 1843 2463 1919 milites,
2506 1843 2695 1906 fian-

792 1951 1284 2020 cos·tenente8,
1305 1951 1377 2006 et
1394 1943 1605 2007 etiam
1636 1943 2018 2018 villicanos,
2040 1962 2169 2025 per
2182 1943 2494 2024 sing-ulos
2510 1944 2699 2007 vice-

792 2044 1164 2110 comitatus
1200 2044 1464 2128 jurare,
1505 2042 1715 2106 tactis
1760 2042 2223 2107 sacrosanctis
2270 2042 2693 2124 Evangeliis‚

793 2143 978 2227 quod
1023 2163 1263 2208 verum
1299 2141 1633 2218 dicerent,
1676 2141 1947 2206 scilicet
1996 2141 2184 2223 quod
2238 2148 2309 2206 et
2356 2149 2696 2224 qnantum

793 2243 1232 2308 vicecomites
1283 2249 1354 2306 et
1399 2241 1665 2306 baillivi
1694 2260 1932 2306 eorum
1982 2241 2069 2305 de
2116 2241 2219 2305 eis
2258 2243 2589 2324 ceperint,
2622 2249 2695 2305 et

793 2343 979 2424 quod
1007 2362 1163 2406 cum
1181 2341 1445 2424 judicio
1477 2349 1547 2405 et
1584 2341 1767 2422 quod
1795 2342 1945 2405 sine
1958 2340 2248 2424 judicio,
2266 2349 2337 2405 et
2357 2361 2485 2423 pro
2503 2340 2697 2424 quali

799 2441 1257 2506 forisfactura.
1377 2439 1514 2504 Sed
1578 2459 1909 2522 magnum
1978 2440 2306 2504 damnum
2381 2441 2699 2522 provenit

799 2541 956 2604 inde
1021 2541 1215 2623 genti
1271 2538 1575 2622 Angliae,
1644 2542 1811 2623 quia
1872 2548 2032 2623 post
2096 2540 2351 2605 factam
2402 2541 2695 2623 inquisi-

797 2641 1052 2705 tionem
1101 2660 1228 2705 rex
1271 2640 1583 2722 reposuit
1634 2640 1968 2722 quosdam
1996 2641 2481 2704 vicecomitum
2539 2640 2696 2703 illo-

797 2759 950 2803 rum
979 2741 1229 2804 iterum
1261 2739 1334 2804 in
1361 2739 1533 2803 locis
1562 2740 1733 2816 suist,
1760 2747 1977 2822 atque
2020 2740 2159 2822 ipsi
2198 2746 2440 2823 postea
2474 2739 2697 2803 multo

795 2840 1212 2905 crudeliores
1255 2840 1643 2903 extiterunt
1684 2857 1897 2921 quam
1940 2847 2149 2903 antea
2200 2839 2502 2903 fuerunt.
2606 2838 2693 2901 In

796 2940 1130 3021 praedicto
1189 2945 1422 3002 autem
1477 2938 1798 3015 concilio,
1852 2957 1979 3001 rex
2042 2938 2209 3003 fecit
2266 2956 2699 3003 summouere

800 3038 1182 3119 Roget-um,
1240 3037 1749 3101 Eboracensem
1813 3037 2430 3120 archiepiscopum,
2486 3045 2699 3119 atque

799 3138 1199 3219 Hugonem‚
1276 3137 1810 3201 Dunelmensem
1893 3137 2318 3219 episcopum,
2378 3143 2449 3201 et
2522 3138 2699 3201 alios

799 3239 1162 3320 episcopos
1191 3236 1388 3317 regni
1421 3237 1552 3313 sui,
1588 3236 1772 3319 quod
1812 3243 2045 3302 essent
2071 3237 2259 3318 apud
2293 3236 2699 3301 Lundonias

799 3343 1064 3402 statuto
1125 3344 1459 3419 tempore.
1566 3336 1654 3399 In
1706 3335 2075 3400 Dominica
2134 3336 2477 3417 sequenti,
2534 3355 2696 3418 quae

801 3437 1029 3499 evenit
1063 3443 1312 3500 octavo
1341 3434 1607 3499 decimo
1640 3434 1782 3499 kal.
1809 3435 1857 3500 J
1864 3435 1985 3498 ulii
2024 3427 2143 3523 [14
2168 3434 2219 3499 J
2224 3436 2404 3517 un.]‚
2435 3435 2699 3499 scilicet

803 3534 1044 3613 vigilia
1087 3533 1501 3597 Sanctorum
1535 3533 1688 3597 Viti
1740 3542 1812 3598 et
1855 3534 2155 3599 Modesti
2205 3542 2584 3617 martyrum
2626 3542 2701 3599 et

801 3632 1077 3696 Sanctae
1129 3631 1548 3696 Crescentiae
1581 3634 1891 3715 virginiS,
1947 3632 2113 3698 fecit
2168 3654 2297 3697 rex
2346 3633 2699 3698 Hem-icus

800 3732 1016 3797 filium
1057 3750 1260 3793 suum
1302 3731 1685 3797 Henricum
1738 3732 2069 3816 majorem
2124 3734 2468 3810 coronari,
2514 3740 2585 3797 et
2630 3734 2701 3797 in

797 3852 1029 3915 regem
1117 3833 1520 3895 consecrari·
1574 3832 1763 3914 apud
1838 3832 2552 3910 westmonasterium,
2611 3834 2701 3896 ab

802 3933 1110 4013 Rogero,
1154 3932 1576 3995 Eboracensi
1618 3931 2161 4014 archiepiscope,
2193 3940 2265 3997 et
2299 3932 2701 4015 apostolicae

799 4032 982 4095 sedis
1059 4031 1315 4112 legato,
1386 4030 1935 4095 ministrantibus
2000 4024 2063 4093 ei
2139 4033 2211 4096 in
2282 4031 2405 4095 illo
2478 4030 2700 4095 officio

801 4129 1128 4212 Hugone,
1160 4129 1615 4194 Dunelmensi
1646 4130 1996 4213 episcopo,
2038 4139 2109 4195 et
2145 4131 2485 4208 Gilberto‚
2520 4130 2701 4194 Lun-
2726 4114 2747 4137 ⁸

798 4229 1110 4293 deniensi
1143 4230 1497 4313 episcopo,
1544 4237 1617 4294 et
1660 4228 1708 4293 J
1712 4230 2008 4308 ocelim,
2056 4230 2522 4296 Salisbiriensi
2553 4230 2701 4313 epi-
