3107 5054
726 509 1110 558 rmum-{ru
1159 509 1721 561 WIGORNIBNSIS.
2098 495 2189 561 63

274 670 666 753 topicorum
701 668 912 748 Regi,
961 677 1032 731 et
1066 687 1192 751 per
1235 668 1372 735 Dei
1416 668 1647 751 operis
1690 668 1990 750 gratiam
2038 668 2189 735 Ro-

277 788 644 833 manorum
688 767 1110 850 Imperatori
1163 766 1512 851 Augusto,
1551 767 1853 834 salutem
1894 776 1968 833 et
2016 789 2187 853 apo-

276 869 601 935 stolicam
709 866 1274 933 benedictionem.
1449 867 1775 950 Regnum
1881 875 2193 935 vestrum

278 976 544 1033 sanctae
606 966 944 1031 Romanae
1000 967 1308 1033 ecclesiae
1366 968 1815 1049 singulariter
1844 967 2189 1035 cohaerere

281 1068 655 1151 dispositio
720 1066 958 1131 divina
1017 1067 1416 1147 constituit;
1484 1068 2029 1149 praedecessores
2076 1089 2191 1135 ve-

233 1208 264 1231 .
281 1168 438 1245 stri,
489 1166 859 1250 probitatis
902 1185 1060 1229 cum
1103 1167 1490 1250 prudentiae
1531 1167 1889 1250 amplioris
1936 1169 2193 1249 gratia,

286 1268 631 1334 Romanae
671 1265 863 1329 urbis
911 1284 1234 1331 coronam
1295 1275 1369 1331 et
1420 1267 1783 1348 imperium
1838 1268 2190 1335 consecuti

287 1373 503 1447 sunt3
583 1366 671 1430 ad
745 1364 946 1448 cujus
1012 1365 1338 1432 videlicet
1408 1385 1683 1432 coronae
1764 1373 1839 1433 et
1916 1368 2191 1449 imperii

285 1466 699 1548 dignitatem
725 1472 919 1529 tuam
954 1484 1228 1547 quoque
1273 1484 1669 1549 personam,
1702 1467 1801 1531 fili
1831 1467 2189 1531 carissime

289 1565 649 1643 Heinrice,
683 1584 808 1647 per
849 1566 1072 1629 nostri
1115 1565 1484 1631 sacerdotii
1524 1566 1979 1631 ministerium
2027 1567 2188 1631 Ma·-

284 1666 512 1751 jestas
566 1665 798 1731 divina
847 1666 1192 1746 provexit.
1297 1665 1504 1729 Illam
1553 1666 1771 1746 igitur
1830 1666 2192 1748 dignitatis

289 1764 854 1848 praerogativam,
889 1782 1100 1846 quam
1132 1765 1678 1848 praedecessores
1700 1767 1919 1833 nostri
1944 1766 2199 1832 vestris

293 1865 942 1947 praedecessoribus,
997 1864 1356 1929 catholicis
1415 1866 1975 1948 imperatoribuS,
2035 1885 2195 1929 con-

295 1972 674 2042 cesserunt,
733 1970 803 2029 et
849 1964 1368 2047 privilegiorum
1421 1966 1696 2048 paginis
1744 1965 2197 2031 consu-mave·
2232 1973 2255 2029 .’

297 2072 484 2141 runt,
521 2084 650 2129 nos
693 2082 970 2147 quoque
1017 2064 1369 2130 dilectioni
1418 2072 1562 2129 tuae
1614 2065 2080 2143 concedimus,
2128 2071 2201 2131 et

297 2165 658 2247 praesentis
676 2164 1034 2258 privilegii
1059 2165 1318 2250 pagina
1351 2164 1861 2241 confirmamus,
1892 2171 1975 2231 ut
2005 2166 2201 2246 reg-ni
2310 2180 2315 2185 ·

300 2265 404 2329 tui
463 2264 806 2347 episcopis
848 2263 960 2330 vel
1017 2264 1409 2341 abbatibus,
1451 2263 1691 2339 libere,
1742 2273 1999 2346 praeter
2048 2265 2198 2329 vio-

299 2364 583 2429 lentiam
631 2372 702 2428 et
747 2363 1110 2427 simoniam
1157 2363 1420 2441 electiS,
1467 2363 1950 2429 investituram
1984 2364 2201 2445 virgae

299 2474 374 2530 et
431 2463 666 2529 annuli
728 2461 1090 2530 conferas:
1137 2471 1298 2546 post
1357 2463 1952 2529 investitutionem
2007 2483 2197 2542 vero,

299 2564 630 2630 canonice
689 2565 1272 2630 consecrationem
1331 2564 1631 2647 accipiat
1691 2565 1780 2630 ab
1844 2564 2197 2648 episcopo,

299 2666 389 2728 ad
453 2675 658 2746 quem
720 2663 1148 2746 pertinuerit.
1276 2663 1351 2728 Si
1409 2665 1567 2747 quis
1628 2672 1860 2730 autem
1908 2684 1953 2730 a
2010 2664 2197 2730 clero

300 2772 372 2830 et
405 2763 688 2847 populo,
725 2769 983 2846 praeter
1012 2769 1210 2828 tuum
1254 2783 1639 2841 assensum,
1671 2764 1935 2833 electus
1964 2763 2198 2842 fuerit,

303 2865 437 2929 nisi
460 2870 591 2927 ate
619 2863 1059 2940 investiatur,
1095 2882 1139 2927 a
1172 2864 1440 2928 nemine
1460 2871 1921 2930 consecretur.
2016 2863 2201 2928 Sane

299 2963 607 3048 episcopi
659 2963 769 3026 vel
811 2962 1310 3044 archiepiscopi
1363 2962 1753 3028 libertatem
1804 2963 2109 3028 habeant
2158 2983 2203 3027 a

302 3072 372 3129 te
445 3062 813 3127 investitos
893 3062 1255 3144 episcopos
1317 3063 1428 3126 vel
1507 3063 1795 3127 abbates
1871 3063 2201 3127 canonice

299 3162 780 3228 consecrandi.
884 3161 1436 3226 Praedecessores
1483 3162 1665 3226 enim
1718 3163 1933 3227 vestri
1982 3162 2200 3225 eccle-

301 3265 446 3328 sias
475 3262 676 3344 regni
717 3261 828 3324 sui
872 3261 1084 3326 tantis
1128 3262 1470 3344 regalium
1511 3280 1799 3326 suorum
1849 3261 2199 3324 beneficiis

301 3363 752 3444 ampliarunt,
803 3369 882 3426 ut
932 3381 1222 3442 regnum
1261 3362 1492 3445 ipsum
1532 3361 2015 3445 episcoporum
2054 3379 2199 3423 ma-

303 3463 492 3526 xime
510 3461 625 3526 vel
647 3462 982 3525 abbatum
1001 3459 1312 3543 praediis²
1341 3467 1663 3545 oporteat
1682 3461 2109 3538 communiri,
2132 3467 2203 3524 et

301 3560 676 3646 populares
708 3560 1198 3638 dissensiones,
1229 3579 1388 3642 quae
1423 3560 1498 3624 in
1535 3560 1987 3626 electionibus
2016 3579 2205 3642 saepe

300 3659 748 3742 contingunt,
778 3660 998 3740 regali
1049 3667 1374 3742 oporteat
1419 3659 1786 3743 majestate
1831 3662 2200 3742 compesci.

308 3761 778 3840 Quamobrem
807 3759 1190 3842 prudentiae
1221 3767 1292 3824 et
1319 3761 1763 3841 potestativae
1782 3778 1968 3824 curae
1998 3759 2207 3822 debes

305 3859 650 3924 solicitius
693 3859 1072 3936 imminere,
1113 3865 1196 3923 ut
1252 3858 1591 3931 Romana}
1642 3856 1953 3922 ecclesiae
2008 3857 2205 3920 celsi·

306 3959 478 4024 tudo
546 3965 619 4023 et
674 3965 1085 4023 caeterarum
1144 3958 1362 4036 salus,
1433 3963 1812 4041 praestante
1879 3956 2209 4032 Domino,

305 4058 654 4124 beneficiis
712 4065 784 4122 et
843 4058 1146 4122 servitiis
1206 4064 1671 4122 conservetur.
1775 4056 1851 4120 Si
1902 4075 2047 4137 qua
2084 4055 2215 4136 igi-

312 4167 426 4223 tur
480 4156 954 4222 ecclesiastica
997 4156 1110 4222 vel
1159 4157 1492 4222 secularis
1541 4175 1837 4238 persona
1875 4155 2054 4219 hanc
2088 4174 2213 4219 no-

311 4265 474 4323 strae
514 4258 984 4321 concessionis
1029 4258 1354 4340 paginam
1404 4255 1769 4320 temerario
1834 4274 2009 4319 ausu
2062 4274 2219 4337 per-

759 4385 774 4414 ¹
811 4385 1074 4448 prediis]
1113 4385 1402 4436 Praesidiis.
1483 4385 1569 4434 W.
1590 4385 1763 4433 Halm.
