3107 5054
879 469 970 534 34
1616 481 2041 532 canonicos

560 659 748 700 wmmn
885 641 1210 724 perrexit.
1317 640 1476 707 Rex
1524 640 1615 704 ad
1646 639 1817 706 Owe
1866 640 2096 718 rediit,
2130 647 2202 705 et
2244 639 2317 703 in
2360 639 2480 702 illo
2510 637 2785 712 resedit,

559 711 816 800 3¹1¹,ssss
885 740 1252 806 solidarios
1301 739 1610 822 undique
1664 739 2023 818 conduxit,
2074 759 2345 817 aurum,
2398 745 2788 820 argentum,

562 813 658 852 ‘¹¹⁰‘
685 811 1134 917 mmm'tei-1¹11&
1183 839 1597 923 quibusdam
1651 841 2023 923 primatum
2068 839 2517 904 Normanniae
2574 837 2787 912 dedit,

886 940 1300 1025 quibusdam
1349 940 1691 1023 promisit,
1722 947 1801 1004 ut
1835 959 1879 1004 a
1911 959 2245 1021 germano
2280 959 2409 1004 suo
2444 938 2785 1002 Rotberto

889 1040 1286 1116 deficerent,
1331 1046 1402 1103 et
1445 1059 1524 1104 se
1584 1059 1739 1104 cum
1794 1039 2099 1105 castellis
2142 1059 2289 1104 suae
2332 1037 2577 1103 ditioni
2624 1037 2786 1100 sub-

880 1141 1216 1224 jicerent;
1265 1140 1517 1222 quibus
1553 1139 1641 1203 ad
1692 1139 1870 1203 velle
1917 1157 2123 1204 suum
2164 1139 2456 1222 paratis,
2500 1156 2626 1219 per
2676 1155 2789 1200 ca-

891 1239 1118 1316 stella,
1143 1239 1256 1302 vel
1283 1258 1444 1321 quae
1477 1239 1670 1321 prius
1700 1239 2063 1316 habuerat,
2094 1239 2205 1304 vel
2240 1258 2395 1322 quae
2426 1245 2595 1302 tunc
2628 1255 2787 1300 con-

889 1339 1211 1416 duxerat,
1245 1357 1414 1402 suos
1459 1338 1715 1403 milites
1750 1339 2119 1404 distribuit.
2229 1338 2511 1402 Interea
2544 1335 2787 1400 castel-

891 1437 1036 1500 lum
1106 1436 1290 1519 quod
1353 1438 1577 1501 Butes
1645 1447 1936 1502 vocatur
1996 1437 2449 1522 expugnavit,
2514 1435 2787 1502 comitis

891 1536 1146 1600 milites
1188 1537 1262 1600 in
1301 1536 1422 1600 illo
1451 1546 1695 1620 captos
1726 1537 1977 1620 partim
2009 1538 2081 1601 in
2115 1537 2377 1619 Anglia
2402 1534 2789 1602 custodien-

891 1635 1019 1700 dos
1051 1635 1262 1712 misit,
1293 1637 1546 1718 partim
1577 1637 1649 1700 in
1689 1636 2125 1702 Normannia
2170 1636 2499 1702 custodiae
2532 1634 2791 1698 manci-

891 1736 1126 1818 pavit;
1181 1742 1254 1800 et
1319 1736 1602 1800 fratrem
1666 1756 1869 1800 suum
1931 1737 2167 1802 multis
2220 1736 2440 1802 modis
2502 1753 2790 1809 vexanS,

893 1836 1338 1900 exhaeredare
1378 1836 1747 1902 laboravit.
1851 1836 1951 1901 At
1992 1837 2111 1901 ille
2148 1836 2561 1902 necessitate
2604 1854 2791 1898 com-

893 1935 1160 2018 pulsus»,
1203 1935 1560 2001 dominum
1602 1953 1829 2010 suum,
1880 1956 2113 2018 regem
2162 1937 2589 2002 Francorum
2627 1933 2786 1996 Phi-

893 2035 1184 2117 lippum,
1251 2054 1410 2100 cum
1495 2036 1809 2100 exercitu
1883 2035 1954 2100 N
1956 2037 2387 2100 ormanniam
2456 2033 2789 2106 adduxit;

893 2135 1013 2198 sed
1067 2154 1195 2200 rex
1231 2134 1690 2216 Argentinum
1735 2134 2122 2201 castellum¹
2170 2134 2465 2211 obsedit,
2508 2141 2579 2197 et
2636 2133 2791 2216 ipso

893 2236 1006 2298 die
1034 2235 1477 2312 obsessionis,
1551 2253 1713 2299 nco.
1749 2235 2001 2300 milites
2046 2236 2231 2317 regis
2278 2255 2435 2299 cum
2479 2233 2588 2298 bis
2634 2232 2790 2296 toti-

894 2335 1050 2398 dem
1084 2335 1433 2411 scutariis,
1467 2341 1537 2398 et
1584 2335 1978 2400 castellanis
2036 2337 2354 2400 omnibus
2420 2333 2540 2416 qui
2598 2333 2789 2396 intus

896 2440 1116 2508 erant,
1183 2431 1330 2496 sine
1407 2435 1767 2515 sanguinis
1830 2435 2159 2501 effusione
2240 2434 2448 2516 oepit,
2520 2438 2792 2515 captos-

893 2550 1028 2615 que
1079 2533 1151 2595 in
1205 2532 1518 2597 custodia
1565 2535 1831 2599 tamdiu
1878 2536 2171 2600 detineri
2234 2533 2616 2609 mandavit,
2670 2532 2793 2597 do·

893 2651 1019 2695 nec
1059 2632 1354 2715 quisque
1400 2652 1476 2697 se
1529 2634 1935 2715 redimeret3
1980 2643 2051 2699 et
2082 2646 2242 2717 post
2282 2634 2432 2699 haec
2466 2634 2537 2696 in
2572 2632 2793 2695 Fran-

890 2806 1008 2857 illos
1037 2808 1090 2857 in
1123 2808 1438 2857 Normannia
1469 2807 1657 2857 factam
1683 2814 1821 2859 esset
1868 2811 2008 2873 tatis,
2052 2811 2371 2874 adunavit.]⁸
2440 2808 2578 2859 Dein
2622 2811 2793 2859 media

891 2879 941 2926 ei
973 2878 1344 2939 persoluturus.
1413 2878 1500 2927 Ob
1531 2879 1663 2927 hanc
1694 2894 1818 2929 cau·
1868 2878 2288 2943 Quadragesimae
2320 2894 2412 2929 rex
2434 2880 2796 2930 Nox-manniam

891 2962 1002 2997 sam
1047 2962 1156 3009 rex,
1199 2949 1338 2997 circa
1379 2948 1487 2998 kal.
1533 2949 1818 3011 Februarii,
1869 2952 2049 3012 petiit:
2084 2951 2154 2999 ad
2174 2950 2346 2999 fratris
2364 2950 2676 3012 colloquium
2698 2952 2795 2999 sub

893 3017 1231 3079 Heastingam
1281 3018 1427 3079 adiit,
1481 3022 1534 3066 et
1577 3019 1700 3067 dum
1746 3020 1819 3067 ibi
1870 3035 1997 3083 pace
2030 3024 2222 3069 statuta
2248 3021 2405 3083 veuit,
2443 3020 2535 3070 sed
2570 3022 2795 3082 impaca-

891 3092 1172 3136 moraretur
1227 3088 1496 3137 ecclesiam
1551 3088 1616 3137 de
1675 3088 1820 3138 Bello
1870 3094 1954 3139 tus
1999 3090 2064 3139 ab
2110 3106 2170 3139 eo
2209 3090 2437 3140 recessit.
2510 3090 2699 3139 Denuo
2741 3091 2796 3138 in

891 3158 1120 3207 dedicari
1139 3157 1278 3209 fecit.
1351 3158 1494 3221 [Hoc
1515 3172 1648 3208 anno
1669 3174 1819 3208 vene·
1872 3159 2066 3222 Campo
2111 3162 2300 3209 Martio
2356 3174 2653 3223 convenere,
2708 3160 2799 3209 ubi

891 3228 1068 3276 rabilis
1085 3227 1387 3291 Herbertus,
1408 3228 1820 3278 Theotfordensis
1870 3230 1947 3278 illi
1970 3232 2061 3291 qui
2093 3231 2419 3280 sacramentis
2451 3231 2583 3279 inter
2616 3246 2672 3280 se
2705 3245 2795 3292 pa-

891 3299 1182 3360 episcopus,
1205 3313 1237 3346 a
1261 3300 1421 3348 Roma
1456 3314 1574 3347 cum
1612 3299 1820 3348 benedi-
1870 3315 1979 3349 cem
2024 3302 2397 3362 confirmavere,
2435 3301 2542 3362 regi
2586 3300 2792 3361 culpam

891 3368 1056 3415 ctione
1111 3368 1394 3428 apostolica
1445 3370 1639 3417 rediit:
1690 3373 1744 3417 et
1788 3382 1822 3417 a
1870 3382 2066 3419 omnem
2103 3371 2421 3431 imposuere:
2470 3373 2526 3419 at
2560 3371 2650 3419 ille
2684 3370 2793 3419 cul-

895 3436 1153 3484 Willelmo
1184 3451 1304 3503 rege
1333 3438 1626 3497 impetravit
1654 3441 1713 3485 ut
1742 3452 1821 3486 se-
1870 3454 1990 3500 pam
2011 3454 2104 3489 nec
2126 3454 2416 3503 agnoscere,
2450 3454 2542 3490 nec
2576 3454 2790 3489 conven-

891 3505 983 3552 des
1027 3506 1334 3565 episcopalis
1385 3508 1438 3553 in
1498 3507 1821 3554 Norwicensi
1871 3510 2058 3558 tionem
2071 3511 2233 3558 voluit
2244 3511 2550 3571 persolvere.
2598 3510 2792 3559 Iccirco

891 3574 1111 3622 ecclesia
1171 3574 1473 3636 firmaretur,
1540 3576 1631 3623 ubi
1690 3577 1820 3638 ipse,
1870 3580 2020 3628 nimis
2074 3581 2192 3629 irati
2246 3580 2589 3629 discesserunt
2631 3580 2790 3641 impa-

892 3643 1082 3699 ,Christi
1114 3646 1328 3706 juvante
1370 3647 1552 3707 gratia,
1586 3646 1820 3707 pulcher·
1869 3650 2007 3699 cati.'

890 3714 1067 3762 rimam
1089 3716 1523 3779 congregationem
1555 3716 1819 3765 monacho·
1945 3715 1959 3745 ¹
1993 3719 2323 3781 Arg-catinum
2360 3718 2651 3782 castellum]
2696 3719 2793 3767 Ar-

889 3799 1020 3847 nim,
1051 3785 1119 3833 ad
1151 3785 1388 3835 honorem
1422 3786 1624 3834 Sanctae
1653 3786 1818 3835 Trini·
1872 3792 2057 3852 gentan
2076 3804 2142 3837 on
2162 3789 2247 3839 the
2272 3788 2429 3838 Ome.

956 3938 980 3965 ⁸
1012 3934 1124 3983 Hoc
1137 3950 1259 3984 anno
1285 3972 1297 3985 .
1319 3972 1334 3988 .
1354 3971 1366 3986 .
1390 3934 1667 3997 adunavit.]
1710 3938 1815 3987 Ubi
1866 3941 1987 3989 tiam
2036 3954 2188 4003 quam
2235 3941 2368 4002 patri
2421 3954 2517 3988 suo
2554 3940 2791 3989 Rotberto

885 4006 1039 4053 etiam
1070 4004 1426 4070 Herebertum‚
1457 4008 1817 4057 Theotsorden·
1868 4012 1933 4059 ab
1967 4012 2080 4073 ipso
2113 4025 2232 4073 rege
2262 4009 2518 4059 Willelmo
2554 4011 2692 4059 mille
2729 4010 2790 4058 li-

885 4086 991 4123 sem
1014 4075 1329 4137 episcopum,
1357 4078 1603 4137 pastorali
1631 4079 1815 4127 baculo
1866 4080 1971 4129 bris
2011 4084 2217 4139 emerat,
2252 4080 2619 4129 absolutionem
2655 4096 2793 4143 quae-

885 4145 1122 4203 privavit.
1178 4146 1434 4194 ‘Latenter
1470 4149 1603 4195 enim
1648 4148 1815 4207 Urba·
1865 4165 1975 4199 rere
2005 4152 2183 4201 voluit.
2219 4150 2298 4211 L„
2319 4149 2487 4199 which
2525 4164 2583 4199 as
2618 4155 2673 4200 to
2708 4151 2789 4198 the

885 4226 1006 4260 num
1038 4226 1224 4274 papam
1261 4215 1420 4278 adire,
1455 4221 1505 4265 et
1527 4206 1687 4266 ab'eo
1722 4234 1813 4279 pro
1864 4225 1960 4269 rest
1994 4235 2167 4282 agrees
2190 4220 2315 4269 with
2343 4220 2403 4271 C.

883 4282 1180 4344 episcopatu
1227 4298 1376 4345 quem
1413 4286 1531 4348 sibi,
1566 4293 1617 4336 et
1656 4288 1809 4336 ubba-
