3107 5054
825 469 958 538 246
1323 480 1827 532 courmunro
1870 479 2223 530 crinorum
2268 528 2275 538 ,

829 639 1062 715 etiam,
1091 643 1426 719 tanquam
1475 635 1782 715 domino,
1822 635 2263 702 castellorum
2294 632 2549 700 Scotiae
2584 627 2739 716 [cu-

832 734 1216 821 stodiam],¹
1249 743 1392 800 tam
1439 735 1617 801 citra
1660 755 1849 800 mare
1898 735 2250 800 Scoticum
2282 751 2493 814 quam
2526 732 2738 807 ultra,

835 857 978 904 una
1011 855 1166 900 cum
1197 836 1430 918 sigillo
1467 834 1722 899 Scotiae
1752 833 2432 908 commendaverunt,
2465 831 2740 914 sibique

837 935 1240 1000 fidelitatem
1284 935 1728 1018 juraverunt,
1758 941 1831 997 et
1872 953 1997 1016 per
2029 933 2271 998 literas
2296 949 2463 994 suas
2488 938 2739 1012 paten-

841 1043 950 1101 tes
981 1035 1114 1098 sibi
1143 1034 1587 1098 securitatem
1620 1032 2121 1116 praestiterunt,
2152 1039 2227 1096 et
2257 1036 2337 1094 ut
2370 1029 2473 1094 illi
2500 1028 2621 1110 qui
2666 1029 2743 1091 in

842 1153 1058 1215 regno
1091 1132 1345 1198 Scotiae
1367 1131 1490 1216 jus
1517 1132 1654 1196 sibi
1684 1131 2215 1196 vindicaverunt
2234 1128 2499 1213 judicio
2530 1127 2743 1192 curiae

845 1233 1030 1314 regis
1066 1230 1346 1314 Angliae
1375 1239 1562 1298 stare
1592 1231 1943 1306 deberent,
1976 1229 2487 1313 adjudicarunt.
2579 1227 2745 1304 Quo

847 1331 1057 1407 facto,
1117 1329 1438 1395 dominus
1489 1330 1563 1394 J.
1599 1330 1687 1393 de
1734 1328 2011 1406 Baillol,
2056 1335 2127 1392 et
2173 1327 2489 1392 dominus
2536 1325 2627 1390 R.
2658 1325 2746 1388 de

849 1429 1085 1505 Bruis,
1163 1430 1422 1510 aliique
1505 1428 1788 1510 quidam
1845 1427 2129 1492 inferius
2193 1424 2551 1501 nominati,
2614 1443 2747 1505 pro

843 1526 1004 1610 jure
1043 1545 1172 1592 suo
1205 1527 1617 1595 vindicando
1659 1546 1733 1590 se
1777 1527 2199 1592 obtulerunt.
2302 1522 2443 1603 Qui
2472 1523 2749 1588 tandem

849 1626 920 1691 in
953 1624 1085 1688 hoc
1119 1633 1641 1702 consenserunt,
1670 1633 1751 1690 ut
1798 1642 1921 1690 xn.
1953 1627 2257 1692 virorum
2284 1622 2612 1704 legalium
2660 1621 2749 1684 de

851 1730 1146 1806 utroque
1187 1743 1400 1806 regno
1446 1744 1537 1790 ex
1582 1742 1723 1790 una
1774 1732 1999 1808 parte,
2029 1732 2101 1790 et
2129 1722 2443 1798 similiter
2484 1737 2607 1786 xn.
2656 1740 2749 1786 ex

852 1823 1074 1890 altera
1102 1832 1322 1906 parte,
1349 1843 1617 1888 necnon
1642 1831 1713 1886 et
1743 1840 1881 1891 xx.
1906 1843 1994 1888 ex
2024 1830 2223 1905 parte
2245 1821 2427 1903 regis
2448 1819 2753 1902 Angliae,

853 1921 1138 1990 arbitrio
1167 1941 1244 1986 se
1271 1923 1815 1988 committerent:
1864 1931 1945 1986 ut
1976 1922 2293 1989 videlicet
2317 1919 2751 2000 singulorum

857 2020 1243 2087 rationibus
1283 2029 1352 2084 et
1392 2021 1667 2103 juribus
1700 2039 1934 2086 coram
1964 2021 2137 2104 ipsis
2179 2019 2523 2101 allegatis,
2552 2037 2753 2082 suam

856 2138 1064 2201 super
1127 2119 1257 2184 hoc
1321 2120 1728 2185 sententiam
1800 2119 1873 2183 in
1933 2120 2239 2185 crastino
2302 2119 2371 2184 S.
2401 2117 2753 2184 Petri-adz-

861 2216 1161 2288 Vincula
1215 2218 1293 2301 [2
1341 2217 1565 2301 Augu]
1616 2215 2134 2300 promulgarent
2178 2226 2249 2282 et
2301 2217 2751 2301 publicarent.

860 2313 1022 2394 Quo
1073 2314 1286 2393 facto,
1333 2336 1460 2383 rex
1514 2316 1793 2398 Angliae
1844 2317 2243 2400 episcopum
2288 2316 2376 2380 de
2424 2314 2756 2382 Cathens.

859 2415 1345 2480 cancellarium
1391 2415 1645 2480 Scotiae
1696 2416 2077 2493 constituit,
2120 2418 2233 2482 cui
2282 2415 2493 2479 etiam
2544 2433 2757 2480 unum

861 2512 947 2575 de
993 2513 1258 2589 clericis
1299 2514 1466 2590 suiS,
1501 2512 1985 2583 cancellarium
2032 2514 2334 2597 Angliae,
2365 2512 2761 2580 Walterum

862 2611 949 2673 de
979 2610 1453 2681 Amundham²
1471 2613 1821 2677 dominum
1838 2615 2235 2690 associavit,
2254 2613 2453 2697 cujus
2470 2613 2761 2678 consilio

866 2717 936 2775 et
978 2729 1263 2777 assensu
1311 2712 1541 2777 omnia
1584 2711 1809 2777 forent
1858 2712 2174 2779 facienda
2216 2719 2288 2777 et
2330 2712 2759 2799 exequenda.

868 2808 1331 2875 Castellorum
1358 2830 1524 2875 vero
1571 2810 1955 2879 custodiam
1994 2810 2309 2879 fidelibus
2345 2811 2762 2893 suis,.prout

867 2908 1000 2972 sibi
1040 2907 1424 2985 videbatur,
1473 2908 1845 2972 distribuit.
1937 2909 2144 2983 Pacis
2188 2910 2397 2975 etiam
2442 2916 2513 2973 ct
2569 2917 2761 2974 tran-

867 3004 1235 3086 quillitatis
1266 3006 1587 3071 custodes
1618 3006 1928 3089 aliosque
1960 2994 2301 3089 regalium·
2326 3008 2764 3089 negotiorum

869 3112 1296 3182 executoreS,
1321 3111 1466 3169 tam
1493 3106 1669 3171 citra
1690 3125 1881 3171 mare
1904 3126 2114 3189 quam
2138 3107 2347 3183 ultra,
2376 3107 2763 3173 constituit.

872 3202 958 3267 In
1003 3204 1306 3268 crastino
1352 3205 1571 3285 igitur
1609 3204 1679 3269 S.
1714 3204 1907 3271 Petri
1950 3206 2373 3288 supradicte,
2404 3206 2767 3288 utriusque

871 3308 1075 3365 terrae
1147 3304 1545 3384 proceribus
1614 3303 1797 3387 apud
1861 3304 2243 3383 Berewich,
2316 3305 2769 3388 omnibusque

871 3401 993 3481 qui
1032 3401 1104 3463 in
1141 3421 1356 3481 reg-no
1401 3401 1652 3467 Scotiae
1687 3402 1807 3484 jus
1850 3403 1987 3468 sibi
2024 3404 2568 3481 vindicaverant,
2602 3421 2769 3469 con-

871 3497 1026 3560 silio
1076 3499 1421 3563 communi
1475 3500 1984 3567 consideratum
2040 3509 2173 3581 est,
2220 3504 2523 3568 omnium
2571 3502 2767 3566 calu-

829 3680 832 3685 ·
872 3595 1128 3658 mniam
1157 3597 1426 3661 irritam
1457 3616 1607 3689 esse
1631 3599 1877 3664 debere
1900 3608 1976 3665 et
1990 3602 2283 3679 inanem,
2303 3608 2769 3683 praeterquam

871 3693 1302 3759 dominorum
1340 3695 1410 3762 J.
1441 3696 1527 3761 de
1575 3697 1802 3763 Bailol
1850 3707 1920 3764 et
1972 3700 2065 3764 R.
2099 3701 2184 3764 de
2233 3700 2439 3777 Brus,
2478 3707 2548 3765 et
2578 3700 2655 3766 J.
2684 3700 2771 3763 de

872 3790 1243 3877 HastingS,
1304 3802 1376 3860 et
1434 3796 1722 3861 aliorum
1777 3799 1897 3880 qui
1957 3798 2238 3863 inferius
2302 3799 2770 3865 nominantur.

874 3891 982 3955 De
1019 3912 1307 3975 quorum
1347 3894 1508 3978 jure
1556 3896 1983 3961 discutiendo
2030 3899 2427 3981 assignatus
2466 3907 2575 3961 est
2618 3917 2773 3981 par-

872 3990 1057 4053 tibus
1111 3992 1258 4057 dies
1305 3995 1489 4075 apud
1546 3995 1928 4075 Berewich,
1968 3998 2040 4060 in
2086 3999 2389 4065 crastino
2430 3997 2503 4061 S.
2538 3996 2771 4061 Trini-

943 4214 958 4245 ¹
1003 4220 1326 4283 Custodiam]
1361 4222 1591 4271 Omitted
1614 4224 1669 4271 iu
1688 4223 1805 4273 MS.
1910 4220 1931 4249 ²
1960 4222 2312 4286 Amundhm]
2346 4223 2774 4286 Agmondeahnm.
