3107 5054
822 477 953 542 150
1315 492 1817 542 oonrmuxrio
1862 492 2215 540 cuaomol

822 658 902 714 ut
937 649 1138 712 nobis
1173 649 1480 715 animum
1515 647 1779 712 domini
1808 658 2033 730 papae,
2064 655 2137 712 et
2167 647 2351 729 quod
2382 646 2568 710 circa
2594 664 2725 710 nos

823 757 1130 813 statuere
1175 755 1617 830 proponeret,
1652 749 2026 830 aperirent.
2132 747 2321 830 Ipsis
2354 767 2520 812 vero
2554 745 2726 811 nihil

827 849 959 913 nisi
987 848 1368 924 sinistrum,
1398 856 1470 913 et
1497 854 1752 912 vestrm
1792 848 2281 913 excelsitudini
2314 845 2723 929 ignominio-

825 968 979 1012 sum
1008 948 1549 1031 reportantibus,
1586 966 1677 1011 ex
1706 948 2145 1030 singultuosa
2178 957 2437 1012 eorum·
2469 953 2539 1010 et
2582 945 2722 1008 fra-

827 1049 955 1114 tris
994 1048 1271 1125 Franci,
1290 1046 1512 1112 fidelis
1543 1040 1807 1124 vestri,¹
1845 1047 2185 1112 relatione
2214 1046 2727 1130 praesensimus,

828 1147 1014 1230 quod
1060 1167 1144 1212 eo
1185 1148 1296 1211 die
1345 1146 1874 1211 immutabiliter
1922 1147 2363 1229 disposuerat
2408 1145 2728 1210 dominus

831 1266 1017 1330 papa
1081 1247 1152 1309 in
1218 1265 1344 1311 vos
1408 1247 1841 1323 nominatim,
1905 1253 1975 1311 et
2032 1247 2107 1310 in
2182 1254 2401 1312 totam
2466 1252 2723 1308 terram

833 1355 1159 1419 vestram,
1209 1347 1649 1410 cismarinam
1694 1352 1766 1410 et
1816 1347 2372 1421 transmarinam,
2417 1345 2503 1408 de
2546 1363 2725 1410 com-

831 1447 1023 1508 muni
1057 1445 1352 1509 fratrum
1379 1445 1668 1510 consilio
1698 1445 2047 1510 interdicti
2075 1445 2253 1510 ferre
2284 1445 2724 1520 sententiam,

833 1553 904 1609 et
931 1564 1084 1608 eam
1119 1563 1276 1626 quae
1320 1545 1392 1608 in
1436 1545 1801 1626 episcopos
1841 1546 1991 1609 lata
2032 1545 2263 1610 fuerat
2296 1545 2723 1609 confirmare.

836 1643 1062 1708 Positi
1091 1645 1305 1725 igitur
1344 1644 1418 1708 in
1469 1644 1885 1722 arctissimo,
1926 1646 2113 1711 omni
2154 1645 2389 1710 studio
2427 1649 2727 1708 attenta-

835 1743 1058 1807 vimus
1089 1763 1214 1826 per
1243 1744 1659 1820 cardinales,
1690 1753 1763 1810 et
1783 1765 1910 1826 per
1929 1745 2091 1809 illos
2118 1746 2203 1812 de
2232 1744 2439 1810 sociis
2470 1743 2727 1808 nostris

832 1843 954 1925 qui
983 1843 1072 1907 ad
1096 1843 1294 1908 illum
1318 1844 1667 1908 habebant
1690 1863 2069 1922 accessum,
2098 1851 2171 1909 et
2200 1864 2323 1927 per
2351 1843 2728 1908 familiares

833 1962 1022 2020 suos,
1069 1949 1150 2009 ut
1195 1951 1500 2008 cessaret
1549 1945 1639 2008 ab
1686 1943 1816 2008 hoc
1869 1945 2251 2027 preposite,
2310 1944 2421 2009 vel
2478 1944 2721 2007 saltem

831 2043 1161 2120 differret,
1225 2063 1446 2126 usque
1505 2044 1596 2108 ad
1645 2044 2023 2108 adventum
2077 2045 2555 2127 episcoporum
2607 2062 2729 2106 ve-

831 2150 1156 2206 strorum.
1223 2142 1428 2221 Quod
1463 2162 1619 2208 cum
1658 2144 1851 2208 nullo
1880 2143 2085 2209 modo
2114 2144 2263 2208 fieri
2298 2143 2546 2226 possit,
2576 2161 2727 2218 noS,

831 2243 1013 2306 sicut
1059 2242 1278 2314 decet,
1325 2252 1398 2308 et
1433 2243 1620 2307 sicut
1650 2242 1999 2309 debitores
2034 2245 2236 2308 vobis
2278 2261 2541 2319 sumuS,
2571 2262 2727 2325 per-

831 2359 1023 2405 sonae
1094 2350 1344 2406 vestrae
1408 2342 1729 2420 dedecuS,
1796 2350 1867 2408 et
1928 2343 2142 2408 totius
2206 2349 2410 2408 terrae
2478 2349 2727 2406 vestrae

835 2460 1216 2523 gravamen
1262 2443 1605 2507 sustinere
1653 2463 1791 2508 non
1836 2443 2151 2508 valentes
2200 2461 2325 2508 nec
2376 2442 2728 2518 debentes,

837 2542 1112 2605 tandem
1163 2543 1564 2607 convocatis
1607 2544 1813 2607 sociis
1860 2544 2113 2607 nostris
2164 2563 2400 2607 coram
2443 2544 2727 2625 quibus-

836 2640 996 2704 dam
1041 2641 1527 2719 cardinalibus,
1562 2644 1747 2707 viam
1798 2644 2185 2708 invenimus
2236 2642 2450 2707 saluti
2480 2649 2729 2707 vestrae

836 2748 906 2804 et
938 2742 1178 2805 honori
1213 2743 1462 2806 bonam
1494 2752 1567 2808 et
1592 2741 2017 2821 secundam,¹²
2050 2752 2121 2807 et
2150 2743 2496 2808 universae
2526 2749 2730 2807 terrae

835 2849 1086 2905 vestrae
1149 2841 1412 2919 utilem,
1471 2851 1543 2907 et
1594 2844 1939 2926 episcopis
1998 2844 2483 2908 necessariam.
2587 2842 2730 2909 Pro

835 2958 976 3021 qua
1015 2960 1060 3003 a
1108 2941 1328 3017 vobiS,
1381 2948 1452 3006 et
1496 2962 1540 3007 a
1586 2950 1771 3007 terra
1819 2949 2079 3020 vestra,
2134 2949 2205 3008 et
2248 2944 2337 3007 ab
2388 2942 2731 3025 episcopis

833 3042 1084 3105 vestris
1137 3040 1437 3107 dedecus
1488 3050 1560 3107 et
1611 3043 2020 3126 periculum,
2070 3042 2257 3125 quod
2306 3043 2730 3118 imminebat,

835 3141 1240 3218 avertimuS,
1297 3149 1370 3207 et
1428 3162 1557 3207 nos
1615 3144 1806 3226 ipsos
1857 3163 1983 3226 pro
2042 3142 2175 3207 bae
2230 3143 2551 3207 libertate
2584 3142 2734 3227 *toti

833 3240 1142 3320 periculo
1189 3244 1659 3323 exposuimus,
1706 3243 2066 3307 credentes
2114 3249 2185 3307 et
2229 3251 2488 3306 certam
2539 3260 2730 3325 spem

834 3337 1189 3417 habentes,
1245 3341 1431 3422 quod
1484 3350 1710 3406 totum
1759 3342 2117 3425 negotium
2182 3342 2585 3424 procederet
2622 3361 2730 3406 se·

833 3438 1136 3501 cundum
1188 3442 1374 3521 quod
1427 3441 1773 3506 credimus
1821 3462 1949 3507 vos
1991 3442 2193 3518 velle,
2237 3449 2309 3505 et
2349 3443 2729 3508 secundum

836 3537 1023 3616 quod
1081 3538 1336 3601 scimus
1384 3559 1510 3603 vos
1571 3541 1747 3605 velle
1798 3542 2066 3608 debere.
2189 3542 2531 3606 Dominus
2577 3542 2732 3607 Wi-

835 3636 1200 3715 gornensis
1265 3645 1335 3702 et
1398 3638 1717 3704 dominus
1786 3642 2227 3707 Ebroicensis
2284 3642 2615 3724 episcopi,
2661 3647 2733 3704 et

841 3734 1240 3801 Rodbertus
1314 3738 1617 3803 decanus
1711 3741 2171 3819 Ebroicensis,
2238 3749 2312 3805 et
2398 3743 2734 3823 magister

840 3834 962 3913 H„
1032 3838 1104 3901 in
1176 3839 1494 3920 proximo
1539 3842 1813 3905 venturi
1866 3851 2090 3918 erant,
2155 3849 2225 3905 et
2286 3844 2405 3904 eos
2454 3840 2731 3923 quidem

804 3935 1220 4007 ,dimisimus
1251 3939 1440 4003 ultra
1477 3939 1760 4003 modum
1795 3942 2049 4005 anxios
2086 3949 2156 4005 et
2193 3941 2533 4016 turbatos,
2566 3938 2733 4022 quia
2826 3929 2833 3937 ’

835 4054 961 4117 pro
1007 4036 1352 4118 explendo
1396 4039 1683 4119 negotio
1716 4048 1974 4117 vestro,
2020 4059 2147 4123 pro
2192 4040 2372 4104 velle
2418 4059 2571 4116 suo,
2611 4059 2731 4103 ve-

903 4258 916 4287 ¹
963 4262 1168 4325 Vestra]
1204 4263 1332 4313 viri.
1369 4263 1499 4313 Hov.
1834 4260 1853 4289 ²
1887 4261 2201 4327 Secundam]
2235 4264 2493 4314 Securum.
2533 4264 2661 4313 Hoc.
