3107 5054
883 484 976 548 82
1626 495 2045 546 cnnomcou

561 679 712 721 eum
729 677 846 718 un·
887 664 1076 722 sunt.
1181 653 1498 735 Quorum
1529 661 1753 719 morte
1782 653 2089 736 cognita,
2120 652 2365 736 regina
2394 652 2786 718 Scottorum

557 729 866 820 ’ὥῗὲἷω
891 757 968 820 M
975 761 1298 838 argareta
1350 762 1546 820 tanta
1604 753 1853 818 affecta
1908 761 2019 818 est
2068 753 2377 830 tristitia,
2426 761 2507 817 ut
2559 753 2787 817 subito

887 857 960 920 in
1009 873 1336 938 magnam
1389 853 1725 917 incideret
1777 853 2267 917 infirmitatem.
2372 851 2527 916 Nec
2572 869 2785 927 mora,

888 954 1311 1037 presbyteris
1362 953 1452 1016 ad
1513 972 1593 1016 se
1640 953 2019 1029 accersitis,
2064 951 2429 1017 ecclesiam
2476 952 2785 1027 intravit,

887 1055 1128 1137 eisque
1187 1073 1318 1116 sua
1369 1059 1659 1135 peccata
1708 1051 2044 1127 confessa,
2084 1051 2239 1115 oleo
2289 1069 2366 1114 se
2417 1051 2780 1132 perungui,

887 1153 1296 1235 coelestique
1327 1152 1582 1216 muniri
1611 1150 1867 1215 viatico
1898 1151 2084 1227 fecit,
2120 1150 2349 1213 Deum
2384 1149 2685 1213 assiduis
2718 1157 2785 1213 et

889 1252 1364 1317 intentissimis
1422 1251 1743 1332 precibus
1800 1267 2126 1326 exorans,
2174 1255 2255 1312 ut
2302 1250 2375 1312 in
2418 1248 2551 1312 hac
2602 1267 2786 1312 oeru·

891 1370 1136 1415 mnosa
1164 1352 1310 1414 vita
1345 1351 1609 1414 diutius
1643 1348 1835 1412 illam
1879 1350 2113 1414 vivere
2154 1367 2291 1412 non
2334 1348 2782 1430 permitteret.

893 1449 1048 1515 Nec
1089 1449 1308 1513 multo
1353 1449 1619 1513 tardius
1664 1449 1999 1513 exaudita
2054 1455 2201 1525 est3
2249 1466 2409 1510 nam
2457 1455 2619 1528 post
2650 1455 2785 1533 tres

890 1549 1039 1612 dies
1083 1548 1448 1612 occisionis
1500 1547 1711 1626 regiS‚
1768 1547 2002 1611 soluta
2059 1547 2289 1610 carnis
2344 1545 2664 1622 vinculis,
2709 1554 2786 1609 ut

892 1647 1222 1723 creditur,
1290 1646 1380 1710 ad
1452 1645 1713 1728 gaudia
1774 1647 2099 1711 transivit
2160 1652 2433 1708 aeternae
2512 1645 2782 1709 salutis.

896 1746 1174 1829 Quippe
1218 1744 1382 1811 dum
1429 1747 1721 1821 viveret,
1754 1746 2061 1828 pietatiS,
2097 1745 2415 1828 justitiae,
2458 1744 2679 1826 pacis,
2720 1752 2788 1808 et

893 1845 1204 1910 caritatis
1235 1845 1490 1909 cultrix
1521 1845 1759 1908 extitit
1778 1844 2057 1921 devota,
2078 1845 2404 1925 frequens
2425 1843 2497 1905 in
2528 1844 2786 1906 oratio·

893 1945 1122 2020 nibus,
1165 1961 1420 2026 corpus
1461 1943 1721 2023 vigiliis
1766 1949 1838 2006 et
1880 1943 2165 2026 jejuniis
2212 1943 2629 2018 maceravit;
2678 1959 2788 2004 ec-

889 2042 1140 2108 clesias
1191 2049 1264 2106 et
1313 2043 1734 2106 monasteria
1786 2041 2061 2118 ditavit,
2104 2059 2343 2106 servos
2395 2046 2465 2105 et
2500 2039 2789 2104 ancillas

894 2141 1030 2205 Dei
1102 2140 1349 2205 dilexit
1418 2147 1492 2204 et
1558 2139 1949 2216 honoravit,
2006 2139 2467 2202 esurientibus
2540 2158 2787 2221 panem

892 2241 1283 2321 frangebat,
1337 2239 1561 2302 nudos
1606 2239 1973 2315 vestiebat,
2038 2239 2359 2302 omnibus
2406 2239 2791 2320 peregrinis

891 2339 981 2404 ad
1047 2359 1124 2404 se
1182 2339 1613 2403 venientibus
1680 2336 2005 2419 hospitia,
2058 2338 2492 2413 vestimenta,
2543 2344 2615 2401 et
2666 2337 2794 2400 ali-

893 2446 1128 2502 menta
1169 2438 1547 2519 praebebat,
1576 2443 1645 2500 et
1683 2436 1912 2500 Deum
1960 2443 2112 2502 tota
2162 2444 2389 2499 mente
2437 2436 2790 2517 diligebat.

569 2557 737 2596 nonna
896 2536 1059 2614 Qua
1113 2543 1411 2612 mortua,
1467 2535 1965 2613 Dufenaldum,
2008 2536 2191 2617 regis
2236 2536 2595 2601 Malcolmi
2647 2537 2792 2600 fra-

568 2606 854 2697 ἰιῖἔὲἷῇἓὲῗ
895 2643 1094 2712 trem,
1139 2634 1358 2699 Scotti
1415 2634 1546 2698 sibi
1604 2635 1679 2697 in
1732 2654 1963 2715 regem
2008 2636 2391 2716 elegerunt,
2438 2641 2511 2698 et
2554 2654 2791 2699 omnes

568 2707 639 2746 He
655 2706 801 2755 expels
1307 2735 1322 2750 .
1641 2734 1656 2749 .
1878 2735 1893 2749 .
2101 2734 2114 2747 .
2729 2735 2742 2749 .

565 2757 641 2795 the
659 2755 840 2820 uagus:
893 2735 1167 2815 Anglos
1207 2753 1326 2817 qui
1377 2734 1464 2797 (16
1513 2752 1707 2797 curia
1747 2753 1934 2815 regis
1974 2739 2375 2811 extiterunt,
2404 2733 2489 2797 de
2523 2733 2795 2799 Scottla

566 2806 857 2895 ffiffl‘a-
893 2834 1333 2914 expulerunt.
1440 2832 1713 2910 Quibus
1776 2834 2056 2909 auditiS,
2117 2832 2301 2897 filius
2356 2834 2543 2915 regis
2604 2833 2683 2896 M
2688 2834 2793 2896 al-

568 2905 848 2995 ffiffss'm
895 2932 1126 3008 colmi,
1185 2932 1594 3008 Dunechan,
1657 2952 1887 3013 regem
1935 2931 2388 3008 Willelmum,
2444 2934 2553 2995 cui
2624 2940 2793 3003 tunc

567 3006 617 3045 ⁰¹
634 3004 852 3045 ”ssoem’
895 3030 1244 3107 militavit,
1299 3038 1379 3095 ut
1437 3031 1500 3093 ei
1568 3050 1857 3111 regnum
1924 3031 2035 3093 sui
2086 3032 2307 3113 patris
2361 3032 2793 3109 concederet,

895 3131 1120 3211 petiit,
1165 3136 1238 3195 et
1283 3130 1707 3212 impetravit,
1750 3130 1989 3212 illique
2032 3130 2437 3194 fidelitatem
2477 3129 2789 3214 juravit:

895 3235 968 3293 et
1019 3230 1119 3294 sic
1167 3230 1256 3293 ad
1305 3229 1645 3293 Scottiam
1688 3248 1846 3291 cum
1901 3228 2343 3293 multitudine
2401 3229 2791 3310 Anglorum

896 3348 979 3393 ac
1031 3329 1593 3394 Normannorum
1644 3328 2065 3410 properavit,
2100 3334 2172 3393 et
2210 3335 2537 3409 patruum
2590 3346 2793 3393 suum

896 3428 1364 3490 Dufenaldum
1418 3426 1506 3488 de
1558 3446 1775 3507 regno
1826 3426 2123 3507 expulit,
2186 3434 2258 3490 et
2309 3428 2381 3489 in
2431 3428 2585 3492 1060
2642 3428 2793 3512 ejus

767 3556 842 3586 ex„
894 3514 1237 3604 regnavit.
1339 3523 1609 3587 Deinde
1657 3524 1968 3588 nonnulli
2018 3524 2413 3590 Scottorum
2466 3526 2537 3589 in
2582 3547 2795 3591 unum

597 3608 677 3687 ⁰³0
746 3607 776 3689 ’ἶ
895 3622 1324 3704 congregati,
1342 3622 1655 3686 homines
1676 3622 1865 3687 illius
1885 3643 2059 3706 pene
2078 3644 2314 3687 omnes
2334 3634 2795 3707 peremerunt,

895 3723 1046 3804 ipse
1073 3740 1239 3786 vero
1290 3740 1449 3786 cum
1499 3722 1745 3803 paucis
1788 3723 1912 3786 vix
1966 3724 2214 3787 evasit.
2312 3724 2793 3789 Veruntamen

894 3828 1055 3905 post
1087 3821 1238 3886 haec
1277 3821 1474 3885 illum
1516 3840 1809 3903 regnare
1854 3823 2337 3903 permiserunt,
2368 3842 2452 3886 ea
2501 3825 2791 3899 ratione,

893 3928 973 3985 ut
1003 3922 1298 4003 amplius
1325 3922 1399 3984 in
1447 3920 1786 3985 Scottiam
1820 3939 1949 3984 nec
1984 3921 2253 4002 Anglos
2284 3941 2411 3984 nec
2446 3922 2793 3987 Norman·

566 4042 744 4081 Ansam
893 4039 1022 4083 1108
1051 4021 1541 4097 introduceret,
1574 4020 1845 4101 sibique
1888 4019 2187 4084 militare
2230 4021 2509 4083 sineret.
2617 4021 2793 4085 Con·-

531 4108 533 4110 ’
567 4092 850 4132 mmmmm
895 4118 1327 4183 venientibus
1357 4118 1569 4182 ferme
1592 4119 1805 4183 totius
1836 4117 2115 4199 Angliae
2146 4119 2513 4202 episcopiS,
2537 4120 2608 4182 in
2642 4120 2794 4203 qui-

894 4216 1024 4282 bus
1068 4217 1378 4281 Thomas
1422 4218 1880 4283 Eboracensis
1927 4217 2487 4302 archiepiscopus
2538 4220 2794 4300 prima-
