3107 5054
814 549 1203 597 nonum-11
1258 547 1825 598 wlcoRNmNsls.
2183 538 2274 603 25

350 702 587 765 omnia
616 702 863 779 fidelis,
889 711 1093 786 pater
1124 705 1544 769 reverendus
1564 704 1961 783 WlstanuS,
1982 706 2268 789 Wigor-

348 802 587 864 nensis
636 802 1030 885 episcopus,
1084 822 1339 884 magna
1388 806 1710 868 turbatur
1752 805 2096 881 molestia,
2142 808 2266 873 sed

354 900 496 963 Dei
566 902 917 983 respirans
990 902 1481 980 misericordia,
1532 903 1688 985 jam
1752 905 2264 986 quodammodo

354 998 535 1062 alter
578 1000 865 1083 Moyses
909 1009 1115 1082 parat
1152 1020 1233 1065 se
1284 1001 1579 1066 viriliter
1619 1010 1934 1067 staturus
1977 1024 2105 1086 pro
2137 1024 2263 1087 po·

351 1098 522 1179 pulo
586 1104 656 1161 et
726 1099 1009 1163 civitate
1071 1118 1223 1163 sua.
1329 1099 1598 1164 Hostes
1647 1102 1732 1165 ad
1779 1101 2261 1167 debellandum

351 1204 605 1277 parant
632 1217 867 1277 arma3
912 1199 1063 1280 ipse
1105 1218 1233 1280 pro
1272 1198 1658 1263 imminenti
1687 1201 1993 1281 periculo
2037 1202 2266 1267 fundit

351 1298 771 1376 precamina,
821 1297 1203 1361 exhortans
1250 1298 1565 1362 subditos
1615 1318 1702 1361 ne
1753 1298 2120 1381 desperent
2175 1301 2266 1367 de

355 1394 537 1471 Deo,
572 1396 693 1476 qui
732 1414 871 1459 non
910 1402 1177 1477 pugnat
1214 1396 1449 1477 gladio
1494 1416 1718 1479 neque
1748 1396 1970 1466 hasta.
2079 1399 2150 1464 N
2153 1421 2264 1464 or-

355 1494 589 1556 manni
630 1495 907 1558 interim
952 1496 1276 1559 ineuntes
1316 1495 1700 1573 consilium,
1740 1508 1995 1578 rogant
2031 1500 2260 1579 ipsum
2315 1510 2326 1519 '

353 1592 757 1674 episcopum
790 1601 871 1657 ut
914 1595 1005 1657 ab
1038 1593 1332 1659 ecclesia
1376 1595 1705 1659 transiret
1751 1597 1827 1661 in
1871 1598 2260 1681 castellum,

354 1692 647 1754 tutiores
689 1710 765 1755 se
813 1690 1231 1757 affirmantes
1276 1692 1361 1756 de
1408 1692 1562 1775 ejus
1591 1696 1986 1776 praesentia,
2019 1697 2080 1759 si
2109 1716 2258 1761 ma-

340 1788 467 1871 jus
510 1790 936 1856 incumberet
973 1791 1397 1873 periculum:
1445 1792 1828 1873 diligebant
1868 1796 2047 1857 enim
2100 1815 2258 1861 eum

351 1888 581 1953 valde.
688 1889 852 1971 Ipse
886 1898 1145 1967 autem,
1176 1896 1257 1953 ut
1286 1898 1434 1955 erat
1464 1892 1657 1955 mirae
1687 1883 2256 1971 mansuetudinis,

350 1994 423 2050 et
472 2007 601 2070 pro
643 1990 829 2069 regis
880 1988 1239 2067 fidelitate,
1294 1996 1367 2055 et
1409 2009 1539 2071 pro
1583 2010 1824 2055 eorum
1868 1992 2258 2070 dilectione,

349 2087 674 2166 petitioni
726 2107 964 2152 eorum
1008 2088 1380 2171 acquievit.
1470 2088 1751 2154 Interea
1799 2091 2136 2155 audenter
2183 2095 2258 2157 in

350 2202 545 2247 arma
596 2205 681 2249 se
732 2197 937 2269 parat
984 2188 1401 2269 episcopalis
1450 2188 1753 2255 familia:
1830 2192 2259 2256 conveniunt

350 2283 713 2351 castellani
768 2294 843 2349 et
888 2286 1112 2349 omnis
1158 2287 1413 2351 civium
1465 2293 1722 2363 turma,
1767 2305 2128 2353 occurrere
2179 2308 2258 2353 se

350 2379 695 2446 affirmant
722 2383 1038 2448 hostibus
1069 2405 1160 2448 ex
1208 2383 1432 2448 altera
1459 2392 1658 2466 parte
1685 2384 1996 2451 Sabrinae
2033 2387 2260 2453 flumi-

348 2481 481 2558 nis,
526 2482 589 2546 si
624 2482 758 2546 hoc
802 2484 902 2548 eis
946 2482 1293 2566 pontificis
1340 2490 1674 2550 annueret
1705 2485 2008 2556 licentia.
2111 2486 2254 2554 Pa-

348 2581 485 2644 rati
521 2581 737 2661 igitur
765 2590 836 2647 et
876 2583 1085 2647 armis
1116 2584 1460 2659 instructi,
1490 2583 1720 2665 ipsum
1749 2585 1837 2648 ad
1887 2585 2252 2651 castellum

347 2686 629 2743 euntem
658 2681 919 2746 habent
953 2682 1253 2760 obviam,
1288 2700 1497 2763 quam
1524 2685 1866 2765 optabant
1892 2686 2251 2766 requirunt

347 2776 745 2859 licentiam3
809 2782 1059 2864 quibus
1124 2781 1421 2844 libenter
1479 2799 1820 2857 annuens,
1873 2788 1894 2822 ‘
1923 2783 2084 2860 Ite,’
2141 2785 2251 2846 in-

348 2878 525 2959 quit,
578 2878 766 2955 ‘filii,
818 2881 915 2944 ite
958 2880 1031 2941 in
1083 2899 1279 2962 pace,
1324 2881 1421 2943 ite
1464 2881 1731 2958 securi,
1776 2900 1934 2943 cum
2001 2882 2127 2945 Dei
2179 2890 2252 2947 et

344 2982 588 3039 nostra
618 2978 1117 3042 benedictione.
1222 2977 1599 3042 Confidens
1633 2998 1767 3060 ego
1808 2980 1880 3042 in
1924 2979 2248 3056 Domino,

346 3075 656 3156 spondeo
707 3077 927 3153 vobis,
960 3096 1097 3140 non
1144 3078 1347 3141 hodie
1396 3078 1671 3143 nocebit
1702 3079 1902 3144 vobis
1951 3079 2248 3158 gladiuS,

345 3192 486 3237 non
522 3174 891 3257 quicquam
934 3175 1314 3252 infortunii,
1356 3195 1497 3238 non
1527 3177 1895 3257 quisquam
1926 3177 2250 3242 adversa-

346 3272 514 3336 rius,
618 3272 815 3337 State
862 3275 937 3336 in
984 3275 1169 3354 regis
1222 3273 1578 3349 fidelitate,
1621 3274 1910 3338 viriliter
1962 3281 2248 3354 agentes

345 3389 476 3450 pro
520 3372 760 3453 populi
804 3373 1131 3454 urbisque
1172 3371 1449 3438 salute.’
1555 3371 1692 3434 His
1725 3371 1955 3448 dietis,
1983 3373 2250 3438 alacres

342 3477 631 3551 pontem
666 3478 1057 3552 reparatum
1092 3476 1477 3546 transeunt,
1494 3469 1732 3534 hostes
1761 3470 1847 3532 de
1868 3469 2250 3552 longinquo

347 3569 815 3632 accelerantes
852 3569 1321 3651 conspiciunt3
1370 3570 1552 3634 inter
1579 3587 1754 3650 quos
1801 3589 2056 3651 magna
2091 3570 2250 3636 belli

336 3665 487 3749 jam
520 3666 833 3731 fervebat
860 3669 1171 3742 insania;
1220 3670 1723 3734 contumaciter
1743 3670 1922 3732 enim
1941 3670 2248 3751 episcopi

344 3773 865 3831 contemnentes
926 3766 1278 3842 mandata,
1332 3768 1405 3830 in
1464 3773 1721 3830 terram
1763 3766 1986 3847 ipsius
2033 3786 2244 3848 posu-

344 3871 552 3926 erunt
606 3865 942 3929 incendia.
1048 3863 1211 3943 Quo
1260 3864 1519 3940 audito,
1566 3865 1930 3945 episcopus
1981 3865 2250 3944 ingenti

345 3964 737 4027 concutitur
767 3964 1028 4039 dolore,
1062 3962 1307 4027 videns
1352 3962 1698 4026 debilitari
1739 3982 1852 4026 res
1887 3963 2242 4038 ecclesiam

346 4067 773 4143 acceptoque
816 4063 975 4126 inde
1020 4062 1330 4139 consilio,
1375 4062 1578 4142 gravi
1621 4080 1760 4140 eos,
1797 4063 1884 4125 ab
1931 4062 2248 4125 omnibus

348 4160 467 4240 qui
500 4160 1051 4226 circumaderant
1082 4170 1388 4237 coactuS,
1412 4161 1754 4242 percussit
1785 4160 2246 4225 anathemate.

349 4256 493 4324 Res
536 4259 871 4340 miranda,
908 4269 978 4324 et
1012 4261 1147 4324 Dei
1181 4260 1403 4327 virtus
1448 4265 1519 4322 et
1553 4259 1685 4322 viri
1726 4261 2002 4324 bonitas
2045 4260 2248 4326 nimis
2274 4279 2314 4318 A
2331 4277 2523 4319 m110010.
