3107 5054
747 505 1132 555 rmnns‘ru
1175 506 1747 555 wiconmmwffls.
2071 490 2203 555 147

295 661 556 728 doloris
633 664 900 727 excitat
960 665 1296 728 inauditae
1375 664 1655 727 novitas
1714 662 2193 728 crudelitatis:

297 782 510 844 quum
559 764 628 827 in
683 771 1002 827 sanctum
1061 764 1196 827 Dei
1243 764 1609 844 insurgens
1666 764 2092 845 malignitas,
2126 764 2196 826 in

297 862 636 944 pupillam
697 862 961 930 Christi
1027 863 1334 943 gladium
1395 862 1649 939 infixit,
1712 873 1782 926 et
1845 864 2197 928 lucernam

301 960 826 1026 Cantuariensis
863 961 1174 1028 ecclesiae
1217 982 1358 1026 non
1398 970 1544 1027 tam
1580 962 1951 1027 crudeliter
1984 982 2195 1045 quam

294 1062 590 1143 turpiter
637 1063 1024 1145 jugulavit.
1115 1062 1488 1126 Excitetur
1539 1063 1909 1146 exquisitae
1972 1082 2194 1143 genus

287 1162 614 1243 justitiae,
676 1161 1064 1226 denudetur
1122 1161 1397 1242 gladius
1466 1160 1660 1224 Petri
1723 1162 1796 1224 in
1856 1162 2191 1226 ultionem

301 1259 823 1325 cantuariensis
875 1262 1244 1344 martyris3
1293 1262 1459 1343 quia
1517 1262 1803 1341 sanguis
1854 1261 2007 1345 ejus
2067 1282 2195 1344 pro

299 1361 677 1425 universali
732 1360 992 1427 clamat
1041 1360 1357 1436 ecclesia,
1409 1378 1546 1423 non
1602 1368 1743 1423 tam
1801 1362 1936 1426 sibi
1982 1381 2193 1444 quam

301 1462 645 1524 universae
675 1454 986 1525 ecclesiae
1016 1480 1442 1542 conquerens
1473 1460 1559 1523 de
1592 1460 1919 1526 vindicta.
2012 1461 2193 1526 Ecce

297 1560 386 1627 ad
435 1559 782 1624 tumulum
829 1561 1199 1641 agonistae,
1244 1567 1324 1622 ut
1371 1559 1759 1623 revelatum
1808 1569 1917 1626 est
1970 1562 2193 1639 nobis,

297 1659 538 1723 divina
579 1662 653 1723 in
693 1660 1046 1723 miraculis
1089 1659 1439 1723 revelatur
1469 1660 1715 1739 gloria,
1750 1669 1822 1726 et
1854 1662 2193 1726 divinitus

298 1758 817 1823 demonstratur
848 1761 968 1825 ubi
992 1760 1392 1823 humanitas
1422 1760 1797 1842 requiescit
1826 1780 1953 1842 pro
1989 1761 2099 1843 cuj
2111 1781 2191 1824 us

297 1859 576 1922 nomine
635 1859 1044 1923 decertavit.
1148 1858 1443 1935 Latores
1496 1878 1663 1926 vero
1719 1861 2193 1941 praesentium,

299 1968 502 2039 patre
547 1959 798 2035 orbati,
847 1967 1100 2023 vestrae
1149 1958 1408 2021 Pietati
1453 1958 1701 2023 seriem
1750 1958 2193 2024 indicabunt:

300 2065 370 2121 et
433 2059 831 2128 testimonio
869 2058 1196 2123 veritatis
1257 2077 1496 2121 aurem
1541 2058 1865 2122 adhibete
1911 2059 2195 2123 mitissi-

301 2177 510 2235 mam,
539 2166 610 2222 et
647 2165 790 2222 tam
821 2158 906 2222 de
935 2159 1070 2222 isto
1103 2158 1387 2239 negotio
1422 2177 1633 2239 quam
1678 2157 1783 2220 de.
1810 2159 1991 2234 aliis»,
2025 2159 2197 2241 ipsis

304 2265 636 2339 tanquam
665 2258 864 2322 nobis
895 2258 1179 2321 credite.
1287 2257 1540 2334 Valete
1575 2257 1817 2321 Pietas
1851 2265 2108 2323 vestra.

327 2466 600 2515 Quonono
643 2467 765 2509 m
803 2468 938 2509 POST
978 2466 1218 2516 MORTEM
1259 2466 1462 2515 saxon
1501 2467 1717 2513 'mom
1756 2467 1836 2510 AD
1878 2468 2173 2512 Romnum

925 2549 1274 2592 PONTIFIOEM
1314 2549 1566 2590 mamm.

405 2667 658 2748 Itaque
702 2667 864 2730 dum
909 2667 1060 2730 haec
1106 2667 1372 2741 fierent,
1429 2667 1751 2732 dominus
1812 2667 2199 2732 Rothoma-
2226 2685 2525 2735 neutyawa-

304 2767 560 2847 gensiS,
595 2774 670 2832 et
700 2767 1022 2831 dominus
1058 2765 1544 2844 Ebroice-nsis‚¹
1593 2774 1663 2830 et
1698 2767 2017 2831 dominus
2044 2767 2195 2831 Wi-
2225 2739 2451 2836 ῗὲἕῖἶιῖἕῗ

305 2868 693 2948 goi-nensis,
726 2874 798 2930 et
829 2867 1176 2931 Ricardus
1209 2867 1451 2943 Bari-e,
1491 2873 1565 2930 et
1612 2867 1895 2949 quidam
1944 2866 2062 2931 alii
2113 2867 2199 2930 de

305 2966 572 3030 clericis
619 2977 692 3030 ct
721 2966 1175 3031 familiaribus
1220 2966 1431 3047 regiS‚
1461 2967 1596 3030 iter
1634 2967 2079 3050 arripuerunt
2111 2966 2198 3030 ad

306 3065 702 3130 Romanum
734 3066 1152 3148 pontificem,
1180 3085 1307 3148 pro
1334 3066 1490 3148 ipso
1520 3085 1706 3147 rege,
1735 3074 1806 3130 et
1828 3086 1955 3148 pro
1982 3085 2200 3147 reguo

307 3166 481 3250 ejus,
583 3167 724 3230 Sed
759 3167 1080 3230 dominus
1115 3165 1705 3246 Rothomagensis
1752 3167 1946 3229 senio
1990 3173 2062 3229 et
2095 3167 2195 3228 in-

307 3266 636 3330 firmitate
689 3266 1038 3343 laboranS,
1094 3286 1252 3330 cum
1297 3265 1449 3348 jam
1509 3265 1651 3328 fere
1698 3266 1997 3328 mediam
2045 3285 2202 3347 per-

307 3368 564 3447 egisset
609 3367 818 3442 viam,
862 3365 1152 3428 ulterius
1196 3364 1569 3447 procedere
1612 3383 1749 3427 non
1794 3364 2048 3447 potuit,
2083 3364 2205 3427 sed

302 3467 375 3529 in
425 3465 933 3531 Normanniam
977 3465 1068 3529 ad
1113 3453 1344 3530 sedem
1392 3465 1743 3548 propriam
1780 3465 2007 3528 rediit.
2113 3463 2205 3527 Et

303 3565 624 3648 praedicti
651 3565 958 3648 episcopi
987 3584 1142 3628 cum
1173 3565 1446 3628 clericis
1475 3564 1663 3646 regis
1693 3571 2206 3646 processerunt,

306 3673 376 3728 et
431 3684 480 3728 a
537 3682 824 3728 summo
869 3664 1196 3748 pontifice
1257 3683 1415 3727 cum
1481 3683 1737 3746 magna
1801 3663 2209 3727 difficultate

302 3751 879 3847 impetraverunt,
925 3764 1111 3846 quod
1169 3763 1308 3826 duo
1360 3763 1775 3839 cardinales,
1830 3783 1926 3828 sc.
1978 3763 2209 3825 Theo-

307 3865 512 3928 dinus
545 3871 619 3928 et
655 3863 988 3928 Albertus
1033 3881 1122 3926 ex
1161 3871 1361 3945 parte
1393 3862 1547 3945 ejus
1583 3863 1651 3925 in
1701 3861 2208 3925 Nol-manniam

306 3965 651 4039 venirent,
699 3963 785 4027 ad
843 3955 1396 4044 cognoscendam
1443 3980 1725 4027 causam
1776 3981 1933 4044 quae
1982 3967 2207 4025 verte·

311 4064 518 4128 batur
572 4063 754 4126 inter
797 4083 1032 4144 regem
1079 4073 1149 4126 et
1196 4063 1561 4148 ecclesiam
1612 4061 2210 4136 cantuariensem,

749 4279 764 4312 ¹
800 4281 1149 4345 Ebroicems]
1184 4280 1261 4330 Of
1278 4282 1530 4343 Ebroicae,
1553 4282 1780 4332 EvreuX.

1863 4389 1889 4423 ι.
1922 4379 1954 4424 2
