3107 5054
450 665 592 705 cautla
607 664 728 715 cury,

451 716 727 816 ἓιῖἰῳῦῗὲἰογ

453 816 624 856 ωηο..

455 1217 542 1255 aud
559 1216 683 1254 take·

456 1267 626 1304 εἰπεῖν.
603 1267 733 1314 obury

455 1316 602 1355 cantic:

779 478 908 541 110
1275 490 1775 540 con-rmumm
1823 490 2176 539 cnam-1101

779 651 1011 729 stella,
1043 648 1272 716 Carif¹
1316 652 1388 714 in
1437 649 1883 727 Dorsetania,
1918 656 1990 713 et
2019 649 2419 731 Harpetreo
2448 648 2516 710 in
2550 647 2685 711 Su-

779 752 1199 817 mersetania
1257 751 1418 825 sita,
1487 750 1867 815 obsidenda
1926 748 2231 826 divertit,
2291 748 2685 829 ibidemque

781 850 1236 917 anticastellis
1283 852 1651 927 extructiS,
1697 858 1768 915 et
1797 868 2007 914 manu
2050 849 2334 912 militari
2378 848 2684 924 munitiS,

780 952 1121 1029 discessit,
1165 958 1237 1017 et
1287 950 1377 1015 ad
1432 950 1795 1015 castellum
1842 950 1928 1013 de
1981 948 2436 1029 Duddelaege,
2500 946 2684 1030 quod

785 1052 1060 1117 Radulf
1093 1050 1388 1133 Paignel
1417 1057 1663 1115 contra
1707 1050 1902 1113 illum
1950 1049 2316 1124 munierat,
2346 1067 2506 1112 cum
2533 1054 2683 1112 toto

782 1153 1096 1218 exercitu
1141 1169 1574 1235 aggressum,
1604 1150 1771 1231 egit.
1882 1148 2022 1213 Ubi
2072 1167 2230 1231 quae
2273 1149 2347 1212 in
2390 1148 2684 1212 circuitu

781 1259 984 1317 erant
1033 1252 1196 1334 igne
1248 1250 1653 1326 combustis,
1699 1248 2203 1332 multiplicique
2248 1248 2486 1331 praeda
2541 1249 2684 1311 ani-

783 1352 1062 1415 malium
1106 1358 1318 1433 capta
1365 1356 1437 1414 et
1481 1349 1806 1426 abducta,
1851 1350 1941 1413 ad
1990 1348 2525 1431 Scropberiense
2572 1368 2685 1412 ca-

781 1450 1084 1527 stellum,
1129 1451 1316 1533 quod
1348 1449 1749 1515 Willelmus
1785 1446 1997 1513 Alani
2028 1448 2211 1512 filius
2242 1448 2684 1512 adversative

782 1557 1125 1627 tenuerat,
1205 1549 1687 1628 obsidendum,
1783 1548 2299 1614 multitudinem
2385 1548 2680 1612 militum

780 1670 1014 1714 secum
1059 1650 1130 1713 in
1175 1669 1365 1714 mare
1411 1652 1619 1731 cepit.
1724 1648 2165 1730 Praecognito
2218 1655 2454 1712 autem
2498 1648 2681 1730 regis

781 1749 1109 1827 adventu,
1169 1750 1351 1814 idem
1419 1750 1834 1826 WillelmuS,
1888 1767 2045 1813 cum
2104 1767 2329 1811 uxore
2386 1754 2459 1811 et
2521 1748 2679 1811 filiis

677 1918 686 1927 ‚
784 1859 857 1915 et
917 1850 1332 1933 quibusdam
1378 1849 1560 1926 aliis,
1614 1849 1917 1913 latenter
1979 1848 2217 1930 fugam
2283 1848 2459 1924 iniit,
2527 1847 2683 1911 reli-

782 1950 914 2014 ctis
967 1952 1039 2014 in
1091 1950 1381 2014 castello
1440 1949 1562 2032 qui
1626 1950 1758 2013 sibi
1818 1949 1890 2011 in
1944 1966 2087 2011 non
2153 1947 2501 2012 reddendo
2559 1948 2680 2011 illo

782 2050 1186 2113 fidelitatem
1208 2050 1645 2134 juraverant.
1752 2048 2056 2112 Obsesso
2092 2046 2406 2130 pluribus
2440 2047 2681 2111 diebus

782 2150 1096 2228 castelle,
1129 2149 1216 2214 ad
1262 2147 1331 2213 id
1379 2149 1948 2232 expugnandum,
1995 2154 2076 2213 ut
2118 2146 2349 2211 ferunt
2394 2148 2514 2231 qui
2560 2168 2682 2211 no-

782 2257 1057 2327 verunt,
1107 2250 1270 2314 talis
1323 2256 1615 2331 paratur
1664 2247 2005 2313 machina.
2113 2246 2487 2328 Congeries
2543 2268 2682 2311 non

782 2352 1054 2415 modica
1081 2350 1427 2432 lignorum
1461 2348 1883 2429 congeritur,
1908 2347 2297 2425 adhibetur,
2321 2348 2683 2411 castelline

782 2450 972 2514 fossa
1035 2450 1242 2535 jussu
1316 2449 1502 2532 regis
1568 2448 1918 2532 impletur,
1980 2448 2161 2530 ignis
2220 2447 2681 2525 succenditur,

781 2550 1011 2614 fumus
1043 2550 1116 2613 in
1157 2550 1375 2614 altum
1409 2569 1485 2614 se
1531 2549 1743 2626 levat,
1778 2568 2017 2613 omnes
2058 2548 2432 2630 infumigat
2459 2556 2534 2612 et
2564 2569 2685 2612 ex-

782 2649 1095 2731 fumigat.
1203 2649 1432 2732 Regia
1464 2649 1535 2713 vi
1582 2657 1789 2732 porta
1828 2649 2158 2732 aperitur.
2262 2649 2683 2713 Decidentes

781 2749 895 2814 vel
937 2750 1342 2831 derepentes
1387 2750 1474 2814 de
1521 2748 1810 2814 castello
1857 2749 2095 2832 fugam
2150 2748 2396 2812 misere
2446 2749 2688 2813 ineunt

783 2868 1047 2926 omnes,
1079 2868 1254 2933 quos
1285 2850 1556 2931 insequi
1587 2857 1658 2913 et
1688 2849 1841 2913 neci
1876 2849 2147 2913 tradere
2182 2847 2377 2929 regia
2400 2849 2687 2912 mandat

784 2967 1096 3014 censura.
1221 2948 1548 3031 Quinque
1604 2969 1696 3012 ex
1756 2949 1857 3012 eis
1910 2949 2045 3013 viri
2104 2948 2477 3013 nobiliores
2529 2969 2683 3012 sus-

783 3049 1202 3132 penduntur.
1267 3046 1585 3113 Devictis
1612 3048 1949 3125 hostibus,
1973 3068 2095 3112 rex
2122 3048 2282 3111 inde
2304 3046 2681 3112 discessum
2779 3126 2783 3131 ι

688 3193 699 3204 .
785 3149 953 3231 egit,
1019 3157 1091 3215 et
1152 3168 1396 3214 versus
1460 3149 1794 3215 Werham
1858 3148 2368 3231 expeditionem
2446 3149 2683 3213 movit.

786 3250 1076 3315 Dextris
1103 3269 1271 3314 vero
1314 3248 1497 3314 datis
1535 3256 1605 3313 et
1640 3248 1968 3331 acceptiS‚
2006 3247 2354 3312 Radulsus
2392 3247 2687 3331 Paignel

643 3375 762 3414 pres·
785 3361 939 3414 cum
983 3371 1150 3432 rege
1195 3350 1602 3433 pacificatur
1644 3349 1733 3412 ad
1778 3355 2075 3431 tempus.
2170 3347 2456 3412 Interim
2500 3349 2688 3413 facta

784 3450 1259 3532 conjuratione
1281 3449 1613 3513 adversus
1640 3468 1875 3530 regem
1893 3446 2446 3531 per-praedictum
2467 3447 2686 3532 Bryc-

785 3556 1195 3612 stowensem
1216 3548 1560 3625 comitem,
1579 3555 1650 3612 et
1667 3548 2296 3613 conestabularium
2327 3548 2688 3626 Milonem,

785 3648 1134 3728 abnegata
1189 3647 1524 3713 fidelitate
1570 3667 1780 3730 quam
1828 3649 1931 3711 illi
1969 3647 2402 3731 juraverant,
2458 3649 2687 3712 missis

783 3749 1046 3813 nuntiis
1103 3747 1194 3812 ad
1251 3747 1831 3830 Andegavensem
1884 3748 2266 3825 civitatem,
2320 3758 2691 3814 accersunt

783 3849 1439 3932 ex-imperatricem,
1472 3849 1761 3912 Henrici
1793 3848 1976 3929 regis
1999 3847 2238 3924 filiam,
2268 3848 2687 3931 spondentes
2776 3933 2779 3935 Α

784 3949 848 4012 ei
883 3949 1066 4032 quod
1096 3950 1277 4013 infra
1321 3950 1627 4031 quinque
1673 3949 2008 4012 mensium
2062 3949 2365 4031 spatium
2396 3967 2684 4030 regnum

850 4200 871 4229 ²
925 4203 1111 4265 Carisi]
1161 4203 1308 4263 Kari,
1361 4203 1426 4251 R.
1466 4203 1658 4253 Hoved.
1732 4201 1906 4253 Gastle
1944 4202 2099 4267 Cary,
2144 4204 2237 4252 but
2268 4203 2439 4253 which
2486 4206 2533 4254 is
2579 4205 2687 4253 also

777 4274 830 4321 in
853 4272 1258 4322 Somersetshire.
