3107 5054
816 500 1204 552 mensura
1261 503 1827 555 wmonmnnsffl.
2140 492 2271 558 113

351 659 663 737 castello,
711 667 783 724 et
821 659 1105 742 ingenia
1143 659 1295 744 ejus
1349 659 1459 724 vel
1507 661 1951 726 succiderunt
2002 661 2111 726 vel
2160 664 2263 728 in-

349 759 748 837 cenderunt,
811 760 1068 824 multos
1126 762 1564 843 perimentes.
1673 761 1878 826 Unde
1928 762 2080 845 jam
2141 763 2261 827 de·-

348 868 586 940 sperat
617 861 774 942 capi
807 860 877 923 id
910 859 1163 942 posse.¹
1268 861 1579 944 Septimo
1614 860 1725 925 die
1766 863 2021 926 mensis
2051 863 2260 928 Octo·
2284 881 2527 924 Extuom-

2284 943 2389 982 nary
2406 939 2541 974 atmo-

346 959 513 1035 briS,
565 959 733 1024 luna
777 960 1125 1025 existente
1176 977 1426 1038 xxlx„
1459 961 1531 1024 in
1587 963 1997 1044 crepusculo
2035 964 2259 1028 noctis
2280 984 2564 1034 mamne-

346 1065 571 1123 sextae
626 1060 940 1137 Sabbati‚
983 1079 1224 1126 versus
1272 1061 1702 1144 aquilonales
1749 1070 1986 1144 partes
2032 1065 2253 1128 visum
2280 1043 2479 1074 ‘mm‘

345 1169 453 1222 est
544 1159 1049 1224 firmamentum
1143 1167 1363 1224 totum
1467 1161 1973 1240 rubicundum;
2080 1164 2255 1228 radii

345 1259 557 1322 etiam
589 1260 843 1324 diversi
878 1259 1130 1325 coloris
1153 1261 1286 1324 visi
1317 1268 1505 1337 sunt,
1535 1260 1806 1328 mixtim
1837 1272 2255 1345 apparentes

343 1365 414 1422 et
457 1367 970 1424 evanescentes.
1060 1360 1284 1424 Erant
1343 1361 1490 1426 haec
1555 1361 1731 1426 sorte
1788 1362 2255 1444 significantia

341 1459 717 1522 maximam
793 1479 1002 1543 quam
1071 1459 1582 1542 praelibavimus
1642 1463 2001 1544 sanguinis
2078 1463 2249 1528 effu-

341 1559 629 1635 sionem,
662 1559 920 1624 factam
950 1580 1074 1642 per
1099 1561 1170 1626 N
1176 1561 1698 1644 orthymbriam,
1730 1563 1899 1626 etin
1932 1563 2248 1645 plurimis

341 1658 498 1722 aliis
543 1659 712 1724 locis
763 1679 888 1742 per
917 1657 1299 1742 Angliam.²
1401 1661 1685 1742 Magnae
1721 1662 1828 1727 vir
1866 1662 2246 1742 religionis,
2271 1685 2471 1732 νηπίω,
2490 1697 2516 1726 a

2270 1737 2402 1776 monk
2412 1737 2569 1786 osEyo,

341 1760 690 1823 coenobita
737 1760 1040 1842 quidam,
1099 1761 1184 1824 de
1245 1760 1423 1824 cella
1478 1761 1779 1843 quadam
1828 1762 1979 1842 Ege
2035 1763 2244 1841 dicta,
2268 1788 2470 1876 affin&

342 1856 738 1924 Willelmus
807 1862 1101 1936 nomine,
1155 1860 1303 1944 jam
1365 1861 1627 1925 electus
1694 1881 1737 1924 a
1798 1861 2243 1943 wigornensi
2269 1887 2489 1927 rer-nore.

340 1958 637 2038 praesule
679 1959 978 2038 Simone,
1031 1977 1166 2024 XII.
1223 1959 1367 2026 kal.
1420 1961 1785 2036 Decembr.
1838 1961 1955 2042 [20
1992 1961 2239 2050 Nov.],

338 2057 449 2121 die
483 2059 872 2136 Dominica,
919 2061 1133 2125 abbas
1168 2059 1571 2125 Persorensi
1614 2060 1921 2126 ecclesiae
1966 2061 2238 2127 ordina-

251 2228 257 2234 ,
335 2166 453 2220 tur
498 2159 904 2241 Wigorniae.
1008 2161 1358 2241 Rogerius
1404 2161 1928 2225 saresbiriensis
1972 2163 2237 2244 episco-
2264 2185 2404 2226 nean:
2424 2187 2473 2226 or

333 2276 491 2338 pUS,
544 2259 1009 2337 castellorum,
1062 2279 1437 2337 murorum,
1490 2260 1850 2325 domorum
1914 2260 2241 2326 fundator
2263 2237 2553 2338 {zizi-‚22⁰¹

333 2360 753 2441 praecipuUS,
797 2379 944 2442 prae
987 2360 1224 2426 dolore
1268 2368 1338 2424 et
1382 2360 1666 2424 tristitia
1708 2360 2121 2439 infirmatuS‚
2164 2373 2240 2427 et

334 2458 424 2520 ad
516 2459 720 2523 finem
791 2461 956 2524 vitae
1033 2459 1424 2544 perductus,
1511 2460 1693 2544 apud
1772 2461 2236 2544 episcopalem

329 2559 588 2636 sedem,
627 2561 930 2624 secundo
965 2580 1185 2624 nonas
1220 2562 1581 2625 Decembr.
1618 2562 1689 2644 [4
1728 2562 1963 2643 Dec.],
1995 2562 2241 2627 defun-

332 2658 576 2739 gitur,³
603 2668 676 2724 et
704 2661 772 2723 in
805 2661 1042 2725 eadem
1073 2661 1368 2725 ecclesia
1401 2662 1761 2744 sepelitur,
1792 2662 2134 2727 infinitam
2166 2665 2238 2727 in
2258 2678 2341 2719 11¹³
2359 2678 2514 2719 riche·-

329 2759 635 2824 castellis
691 2762 834 2829 suis
882 2762 1276 2844 relinquens
1318 2762 1708 2845 pecuniam,
1768 2782 1924 2845 quae
1970 2782 2110 2826 non
2162 2765 2235 2827 in

331 2858 490 2937 Dei,
551 2861 671 2923 sed
738 2862 922 2942 regis
987 2860 1322 2944 Stephani
1389 2870 1540 2926 tota
1606 2863 1817 2929 cessit
1880 2863 1952 2925 in
2009 2882 2235 2927 usum.

329 2958 506 3025 Sunt
538 2961 656 3042 qui
687 2960 923 3025 dicunt
954 2961 1112 3043 plus
1144 2978 1267 3025 xi..
1299 2962 1516 3026 millia
1545 2981 1932 3027 marcarum
1964 2965 2237 3045 argenti

325 3058 420 3122 ibi
472 3060 688 3125 fuisse
732 3068 1031 3143 reperta,
1077 3080 1323 3125 aurum
1366 3081 1645 3145 quoque
1682 3063 1978 3127 multum
2031 3064 2235 3128 nimis

323 3156 485 3222 cuni
543 3162 882 3225 varietate
947 3170 1509 3225 ornamentorum
1575 3162 2095 3239 thesaurizavit,
2165 3170 2237 3226 et

321 3258 675 3339 ignoravit
721 3260 836 3325 cui
880 3261 1338 3343 congregavit
1371 3281 1476 3325 ea.
1582 3261 1950 3344 Templum
1998 3262 2071 3324 in
2117 3261 2239 3325 ho-

397 3452 410 3483 ¹
448 3456 644 3519 Possm]
701 3456 781 3505 As
838 3472 872 3507 a
931 3458 1256 3519 supplement
1306 3457 1667 3507 Saresbiriensi
1704 3456 1933 3517 castello,
1970 3456 2109 3505 circa
2148 3470 2235 3505 ur-

317 3529 370 3572 to
413 3525 499 3574 the
543 3541 745 3589 meagre
796 3527 898 3577 and
950 3529 1252 3590 incomplete
1302 3528 1416 3577 bem
1441 3528 1663 3589 Brucgae
1685 3528 1999 3576 obsidionem
2026 3528 2077 3575 in
2100 3527 2233 3589 vigi-

314 3600 535 3644 account
587 3597 646 3645 of
693 3597 778 3646 the
833 3598 1003 3647 Battle
1059 3599 1118 3647 of
1164 3600 1250 3649 the
1299 3598 1374 3647 lia
1402 3598 1455 3649 S.
1482 3598 1843 3647 Bai-tholomaei
1866 3598 2093 3661 gaudens
2114 3612 2232 3660 age-

314 3665 573 3714 Standard
616 3668 686 3729 by
723 3667 808 3717 the
847 3670 1164 3717 continuator
1198 3670 1256 3718 of
1300 3668 1404 3719 bat.
1457 3669 1542 3719 Ibi
1566 3684 1768 3731 quoque
1791 3669 2006 3729 positus,
2026 3668 2227 3717 cuidam

315 3734 580 3797 Florence,
615 3751 701 3786 see
737 3738 822 3787 the
856 3753 993 3787 more
1029 3740 1246 3787 circum·
1299 3739 1544 3787 monacho
1577 3740 1641 3788 de
1675 3739 1895 3801 quadam
1940 3738 2073 3786 cella
2120 3738 2229 3800 Ege

312 3806 525 3853 stantial
570 3808 850 3857 narratives
889 3809 948 3857 of
978 3808 1100 3858 Joh.
1144 3810 1247 3858 and
1298 3808 1456 3871 dicta,
1480 3808 1740 3859 Gulielmo
1762 3808 1981 3869 nomine,
2003 3814 2231 3855 conesta-

312 3874 432 3925 Ric.
460 3876 797 3940 Hagustald„
819 3878 1003 3927 Ailred
1042 3880 1244 3931 Rieval.
1297 3879 1487 3929 bularii
1509 3879 1743 3940 ejusdem
1771 3876 1873 3927 loci
1895 3876 2094 3925 castelli
2118 3892 2229 3939 ger-

308 3945 376 3993 de
405 3946 551 3994 Bello
568 3948 1245 4013 Standardi‚ap.Twysden,
1295 3963 1462 4011 mano,
1487 3947 1814 3997 Persorensis
1838 3946 2071 3995 ecclesiae
2098 3962 2228 4007 prae-

308 4015 415 4063 and
439 4016 513 4064 H.
540 4016 826 4079 Huntingd.
1295 4019 1536 4068 lationem
1560 4018 1828 4067 concessit.
1865 4018 2007 4065 Edit.

381 4081 404 4113 ²
435 4085 720 4151 Angliam]
772 4089 992 4138 Peracta
1028 4089 1244 4138 Assum-

304 4156 483 4216 ptione
516 4156 572 4207 S.
605 4157 790 4207 Mariae
819 4158 906 4220 [15
933 4159 1122 4221 Aug.],
1145 4160 1240 4208 hu-
1365 4154 1386 4185 ³
1419 4156 1771 4220 Dql'ungitur]
1812 4156 1897 4204 He
1920 4155 2012 4203 did
2034 4160 2121 4203 not
2141 4155 2225 4203 die

291 4225 532 4286 jusmodi
555 4226 694 4275 fama
713 4230 943 4277 victoriae
967 4230 1034 4277 ad
1069 4244 1238 4291 regem
1291 4228 1370 4276 till
1405 4229 1490 4277 the
1531 4233 1651 4276 next
1683 4242 1823 4289 year,
1856 4227 1988 4276 Dec.
2020 4230 2100 4278 11.
2148 4226 2231 4277 W.

303 4310 474 4357 usque
508 4299 758 4361 pervenit,
790 4300 882 4361 qui
916 4306 1055 4362 tunc,
1089 4305 1240 4361 capto
1294 4299 1474 4361 Malm.
1497 4314 1550 4359 p.
1576 4302 1691 4349 727.

411 4410 584 4456 ΤΟΜ.
623 4412 702 4460 11.
1900 4415 1921 4461 1
