3107 5054
788 487 923 554 198
1292 501 1788 552 comicum-10
1833 499 2184 550 canonum
2235 513 2245 518 ·

790 662 1023 728 biliter
1064 669 1512 745 rogaverunt,
1551 669 1632 726 ut
1672 661 1844 744 ipsis
1889 657 2350 724 mediantibus
2393 660 2690 742 pecunia

791 761 1141 845 regalibus
1200 763 1611 838 traderetur,
1659 768 1742 824 ut
1801 760 1904 824 sic
1965 760 2250 824 libertas
2315 779 2555 824 eorum
2619 768 2690 824 et

792 870 1179 928 conventus
1205 860 1477 926 illibata
1501 866 2062 939 conservat-etun
2106 860 2291 942 quod
2327 867 2398 924 et
2426 859 2688 923 factum

792 960 967 1027 fuit:
1028 961 1367 1027 dederunt
1408 979 1712 1044 namque
1753 961 1903 1041 regi
1953 960 2192 1024 statim
2251 976 2360 1024 cc.
2395 978 2689 1037 marcas,

794 1061 1031 1126 abbati
1058 1068 1293 1126 autem
1330 1068 1405 1126 et
1444 1060 1815 1124 conventui
1847 1075 1908 1122 c.
1939 1059 2156 1123 libras
2201 1060 2694 1141 promiserunt.

468 1178 682 1228 mm
797 1159 1003 1226 Circa
1054 1160 1307 1226 festum
1358 1159 1433 1226 S.
1485 1158 1531 1224 J
1536 1159 1828 1224 ohannis
1889 1159 2236 1242 Baptistae
2295 1158 2418 1240 [24
2455 1157 2503 1222 J
2509 1159 2691 1240 un.],

468 1230 755 1320 ῗῗιιῖῗῧηιι.
792 1279 921 1325 rex
992 1267 1297 1334 castrum
1374 1258 1461 1324 de
1530 1259 1936 1324 Kenilworls
2009 1257 2320 1337 obsedit3
2391 1258 2691 1340 denique

468 1328 768 1420 ffffiffl
792 1358 1091 1442 legatus,
1150 1359 1612 1424 admonitione
1685 1360 2063 1441 praemissa,
2129 1359 2449 1422 obsessos
2530 1376 2688 1420 cum

472 1429 609 1470 Μ
794 1459 1243 1541 complicibus
1264 1458 1906 1523 excommunicavit.
2011 1457 2297 1524 Obsessi
2331 1456 2684 1539 regalibus

800 1558 1113 1635 viriliter,
1163 1558 1570 1622 restiterunt
1617 1576 1884 1622 necnon
1931 1558 2230 1640 plurima
2276 1557 2691 1638 gravamina·

798 1656 1181 1725 intulerunt
1214 1656 1496 1721 eisdem.
1598 1657 1909 1722 Tandem
1945 1665 2212 1738 treugae
2240 1657 2422 1721 inter
2453 1675 2688 1738 regem

798 1765 869 1822 et
936 1758 1254 1821 obsessos
1316 1763 1564 1838 coeptae
1627 1763 1830 1821 erant
1907 1776 1952 1821 a
2029 1757 2208 1823 festo
2268 1755 2340 1820 S.
2393 1756 2690 1821 Martini

802 1856 919 1938 [ll
954 1855 1177 1943 Nova]
1214 1875 1435 1939 usque
1474 1857 1547 1920 in
1581 1856 2046 1940 quadraginta
2077 1856 2225 1920 dies
2271 1863 2685 1938 sequentes3

798 1957 875 2020 in
922 1974 1065 2039 quo
1112 1957 1341 2039 spatio
1392 1956 1594 2021 multi
1659 1956 1746 2020 de
1797 1963 2052 2032 castro,
2116 1962 2288 2038 potu
2341 1962 2688 2020 venenato

797 2055 1057 2132 infecti,
1131 2055 1385 2120 mortui
1460 2064 1654 2120 sunt.
1788 2055 2219 2121 Deficiebant
2295 2054 2508 2118 etiam
2587 2054 2688 2118 eis

800 2155 1155 2233 victualia,
1203 2175 1332 2220 nec
1379 2154 1690 2221 defectus
1745 2173 1983 2222 eorum
2041 2155 2276 2237 aliquo
2323 2155 2530 2236 signo
2579 2173 2718 2218 re-·

799 2255 1077 2338 galibus
1136 2255 1424 2322 latebat.
1528 2255 1752 2320 Erant
1804 2255 1984 2319 enim
2017 2255 2200 2319 inter
2239 2273 2360 2319 eos
2405 2253 2684 2336 quidam

798 2355 1149 2436 regalibus
1192 2355 1531 2432 faventes,
1584 2362 1656 2419 et
1709 2354 2070 2419 consilium
2113 2373 2350 2418 eorum
2393 2353 2686 2418 occultis

798 2455 1017 2537 signis
1046 2455 1493 2539 propalantes
1520 2455 1803 2532 eisdem,
1833 2455 1934 2519 ita
1979 2461 2060 2518 ut
2091 2458 2444 2537 nunquam
2477 2460 2689 2536 prout

798 2554 1059 2619 vellent
1082 2561 1154 2619 et
1180 2562 1503 2638 poterant
1524 2557 1716 2619 exire
1744 2574 1874 2619 con
1882 2562 1994 2619 tra
2018 2553 2290 2636 regales
2313 2554 2682 2617 valebant:

800 2655 923 2737 qui
948 2654 1231 2719 tandem
1266 2655 1351 2720 de
1381 2654 1770 2738 proditione
1814 2653 2120 2719 convicti
2141 2654 2457 2736 suspensi
2489 2659 2692 2717 erant

476 2770 774 2811 amomi
800 2753 874 2817 in
916 2758 1172 2820 castro.
1257 2754 1527 2838 Vigilia
1570 2755 1847 2820 Sanctae
1883 2754 2118 2819 Luciae
2153 2749 2274 2836 [12
2308 2750 2539 2838 Dec.],
2565 2770 2688 2817 ca·-

475 2821 787 2921 i‘uiupffii'tfflbr
803 2859 1021 2925 strum
1052 2856 1139 2919 de
1172 2853 1582 2919 Kenilwoffl
1609 2855 1760 2936 regi
1787 2853 2130 2919 redditum
2157 2852 2312 2917 fuit.
2398 2852 2692 2917 Interim

472 2922 770 3011 ἓοξῗὲἑῖιῗῖω
803 2970 956 3028 rex,
977 2962 1322 3035 praesente
1342 2953 1582 3035 legato
1607 2961 1679 3018 et
1707 2954 1964 3017 circum
1980 2953 2444 3034 ⁸existentibus
2479 2970 2690 3035 quam

471 3031 695 3063 'mmm'
804 3051 1117 3135 pluribus
1167 3054 1610 3135 magnatibus
1657 3060 1726 3117 et
1777 3052 2086 3136 praelatis
2135 3050 2437 3134 Angliae,
2467 3050 2694 3115 indul-

801 3152 1102 3233 gentiam
1144 3152 1405 3217 domini
1447 3172 1656 3237 papae
1697 3152 2025 3230 ostendit,
2070 3153 2140 3215 in
2189 3170 2330 3234 quo
2381 3152 2686 3235 contine-

798 3253 1009 3317 batur
1082 3252 1268 3337 quod
1340 3252 1659 3317 dominus
1734 3270 1921 3335 papa
2003 3251 2302 3316 decimas
2387 3251 2696 3318 omnium·

798 3353 1423 3419 ecclesiasticorum
1465 3359 1930 3436 proventuum
1977 3349 2279 3433 Angliae,
2309 3350 2690 3415 secundum

797 3470 1033 3514 verum
1101 3452 1433 3529 valorem,
1492 3472 1616 3535 per
1685 3450 2054 3515 triennium
2111 3451 2259 3531 regi
2321 3450 2686 3525 concessit,

798 3550 1112 3631 exceptis
1166 3551 1366 3614 bonis
1419 3550 2078 3633 Hospitalariorum,
2135 3549 2686 3631 Templariorum

475 3664 639 3706 umet·
798 3656 871 3713 et
900 3648 1483 3714 cisterciensium.
1559 3651 1913 3715 Praeterea
1947 3658 2254 3733 tempore
2285 3656 2687 3730 treugarum

468 3714 778 3856 fflssfffferffit·
800 3748 1002 3814 electi
1044 3749 1328 3813 fuerunt
1374 3766 1511 3815 xn.
1567 3758 1954 3833 magnates,
2007 3757 2149 3813 tam
2197 3749 2429 3813 clerici
2475 3766 2686 3829 quam

470 3828 497 3856 ⁰
578 3818 748 3858 ‘mm'
799 3848 984 3927 laici,
1012 3849 1238 3933 quide
1260 3848 1742 3926 exhaeredatiS,
1772 3850 1995 3932 captis
2021 3850 2092 3913 in
2139 3848 2348 3925 bello,
2391 3848 2688 3929 captivis

798 3955 870 4013 et
898 3949 1199 4014 obsessis
1241 3948 1341 4013 sic
1375 3949 1852 4031 providebant,
1883 3948 2226 4026 videlicet,
2255 3947 2440 4031 quod
2473 3946 2688 4029 aliqui

796 4057 1111 4113 carerent
1140 4048 1343 4113 terris
1372 4050 1519 4113 suis
1548 4067 1674 4131 per
1705 4068 1985 4128 annum,
2008 4047 2128 4112 alii
2161 4068 2284 4131 per
2315 4047 2687 4123 biennium,

794 4148 1103 4211 nonnulli
1130 4168 1257 4231 per
1287 4148 1678 4225 triennium,
1694 4149 1982 4231 -plurimi
2013 4147 2688 4229 per-quadrennium,

794 4246 1105 4328 plerique
1166 4268 1289 4330 per
1355 4248 1921 4332 quinquennium,
1989 4254 2057 4311 et
2122 4247 2346 4317 ultimi
2398 4258 2522 4328 per
2579 4265 2689 4309 se-
