<?xml version="1.0" encoding="UTF-8"?>
<!DOCTYPE html PUBLIC "-//W3C//DTD XHTML 1.0 Transitional//EN"
    "http://www.w3.org/TR/xhtml1/DTD/xhtml1-transitional.dtd">
<html xmlns="http://www.w3.org/1999/xhtml" xml:lang="en" lang="en">
 <head>
  <title>
</title>
<meta http-equiv="Content-Type" content="text/html;charset=utf-8" />
  <meta name='ocr-system' content='tesseract 3.04.00' />
  <meta name='ocr-capabilities' content='ocr_page ocr_carea ocr_par ocr_line ocrx_word'/>
</head>
<body>
  <div class='ocr_page' id='page_1' title='image "./florentiiwigorn00evergoog_0019.png"; bbox 0 0 3107 5054; ppageno 0'>
   <div class='ocr_carea' id='block_1_1' title="bbox 874 488 1999 548">
    <p class='ocr_par' dir='ltr' id='par_1_1' title="bbox 874 488 1999 548">
     <span class='ocr_line' id='line_1_1' title="bbox 874 488 1999 548; baseline -0.002 0"><span class='ocrx_word' id='word_1_1' title='bbox 874 488 1000 548; x_wconf 82' lang='lat' dir='ltr'><strong>xvi</strong></span> <span class='ocrx_word' id='word_1_2' title='bbox 1651 498 1999 546; x_wconf 65' lang='lat' dir='ltr'><strong>ranucii.</strong></span> 
     </span>
    </p>
   </div>
   <div class='ocr_carea' id='block_1_2' title="bbox 874 655 2779 1314">
    <p class='ocr_par' dir='ltr' id='par_1_2' title="bbox 874 655 2779 1314">
     <span class='ocr_line' id='line_1_2' title="bbox 874 655 2779 740; baseline -0.001 -21"><span class='ocrx_word' id='word_1_3' title='bbox 874 657 1182 740; x_wconf 88' lang='lat' dir='ltr'><strong>proferre</strong></span> <span class='ocrx_word' id='word_1_4' title='bbox 1244 656 1471 733; x_wconf 80' lang='lat' dir='ltr'><strong>valeo,</strong></span> <span class='ocrx_word' id='word_1_5' title='bbox 1532 662 1869 738; x_wconf 87' lang='lat' dir='ltr'><strong>tanquam</strong></span> <span class='ocrx_word' id='word_1_6' title='bbox 1934 657 2119 736; x_wconf 81' lang='lat' dir='ltr'><strong>grati</strong></span> <span class='ocrx_word' id='word_1_7' title='bbox 2176 655 2390 720; x_wconf 84' lang='lat' dir='ltr'><strong>animi</strong></span> <span class='ocrx_word' id='word_1_8' title='bbox 2450 661 2521 722; x_wconf 86' lang='lat' dir='ltr'><strong>et</strong></span> <span class='ocrx_word' id='word_1_9' title='bbox 2592 675 2779 720; x_wconf 85' lang='lat' dir='ltr'><strong>sum-</strong></span> 
     </span>
     <span class='ocr_line' id='line_1_3' title="bbox 874 755 2776 836; baseline -0.001 -16"><span class='ocrx_word' id='word_1_10' title='bbox 874 775 1142 820; x_wconf 91' lang='lat' dir='ltr'><strong>morum</strong></span> <span class='ocrx_word' id='word_1_11' title='bbox 1189 763 1466 820; x_wconf 87' lang='lat' dir='ltr'><strong>tuorum</strong></span> <span class='ocrx_word' id='word_1_12' title='bbox 1511 774 1681 836; x_wconf 84' lang='lat' dir='ltr'><strong>erga</strong></span> <span class='ocrx_word' id='word_1_13' title='bbox 1718 775 1829 818; x_wconf 85' lang='lat' dir='ltr'><strong>me</strong></span> <span class='ocrx_word' id='word_1_14' title='bbox 1874 755 2363 819; x_wconf 87' lang='lat' dir='ltr'><strong>beneficiorum</strong></span> <span class='ocrx_word' id='word_1_15' title='bbox 2402 775 2543 820; x_wconf 92' lang='lat' dir='ltr'><strong>non</strong></span> <span class='ocrx_word' id='word_1_16' title='bbox 2583 755 2776 819; x_wconf 92' lang='lat' dir='ltr'><strong>obliti</strong></span> 
     </span>
     <span class='ocr_line' id='line_1_4' title="bbox 875 853 2773 937; baseline -0.001 -20"><span class='ocrx_word' id='word_1_17' title='bbox 875 855 1125 936; x_wconf 84' lang='lat' dir='ltr'><strong>pignus</strong></span> <span class='ocrx_word' id='word_1_18' title='bbox 1171 856 1267 918; x_wconf 89' lang='lat' dir='ltr'><strong>sis</strong></span> <span class='ocrx_word' id='word_1_19' title='bbox 1315 860 1774 937; x_wconf 84' lang='lat' dir='ltr'><strong>accepturus:</strong></span> <span class='ocrx_word' id='word_1_20' title='bbox 1822 872 1951 935; x_wconf 88' lang='lat' dir='ltr'><strong>pro</strong></span> <span class='ocrx_word' id='word_1_21' title='bbox 1995 855 2270 935; x_wconf 68' lang='lat' dir='ltr'><strong>quibua,</strong></span> <span class='ocrx_word' id='word_1_22' title='bbox 2317 853 2503 936; x_wconf 90' lang='lat' dir='ltr'><strong>quod</strong></span> <span class='ocrx_word' id='word_1_23' title='bbox 2549 855 2773 917; x_wconf 87' lang='lat' dir='ltr'><strong>solum</strong></span> 
     </span>
     <span class='ocr_line' id='line_1_5' title="bbox 874 953 2772 1036; baseline -0.001 -19"><span class='ocrx_word' id='word_1_24' title='bbox 874 973 1186 1036; x_wconf 84' lang='lat' dir='ltr'><strong>possum,</strong></span> <span class='ocrx_word' id='word_1_25' title='bbox 1237 973 1510 1036; x_wconf 82' lang='lat' dir='ltr'><strong>semper</strong></span> <span class='ocrx_word' id='word_1_26' title='bbox 1558 961 1629 1018; x_wconf 87' lang='lat' dir='ltr'><strong>et</strong></span> <span class='ocrx_word' id='word_1_27' title='bbox 1682 953 1937 1034; x_wconf 86' lang='lat' dir='ltr'><strong>ubique</strong></span> <span class='ocrx_word' id='word_1_28' title='bbox 1986 972 2099 1016; x_wconf 89' lang='lat' dir='ltr'><strong>me</strong></span> <span class='ocrx_word' id='word_1_29' title='bbox 2152 954 2259 1018; x_wconf 87' lang='lat' dir='ltr'><strong>tui</strong></span> <span class='ocrx_word' id='word_1_30' title='bbox 2305 953 2772 1016; x_wconf 82' lang='lat' dir='ltr'><strong>observantis·</strong></span> 
     </span>
     <span class='ocr_line' id='line_1_6' title="bbox 875 1051 2275 1134; baseline -0.001 -18"><span class='ocrx_word' id='word_1_31' title='bbox 875 1055 1126 1118; x_wconf 88' lang='lat' dir='ltr'><strong>simum</strong></span> <span class='ocrx_word' id='word_1_32' title='bbox 1155 1053 1302 1118; x_wconf 88' lang='lat' dir='ltr'><strong>fore</strong></span> <span class='ocrx_word' id='word_1_33' title='bbox 1335 1060 1407 1116; x_wconf 89' lang='lat' dir='ltr'><strong>et</strong></span> <span class='ocrx_word' id='word_1_34' title='bbox 1442 1051 1774 1134; x_wconf 88' lang='lat' dir='ltr'><strong>polliceor</strong></span> <span class='ocrx_word' id='word_1_35' title='bbox 1804 1058 1875 1115; x_wconf 87' lang='lat' dir='ltr'><strong>et</strong></span> <span class='ocrx_word' id='word_1_36' title='bbox 1902 1053 2275 1132; x_wconf 66' lang='lat' dir='ltr'><strong>praestabo,</strong></span> 
     </span>
     <span class='ocr_line' id='line_1_7' title="bbox 1379 1149 2587 1235; baseline -0.003 -19"><span class='ocrx_word' id='word_1_37' title='bbox 1379 1149 1879 1235; x_wconf 84' lang='lat' dir='ltr'><strong>Amplitudinis</strong></span> <span class='ocrx_word' id='word_1_38' title='bbox 1915 1157 2057 1214; x_wconf 79' lang='lat' dir='ltr'><strong>tuae</strong></span> <span class='ocrx_word' id='word_1_39' title='bbox 2094 1149 2587 1224; x_wconf 76' lang='lat' dir='ltr'><strong>deditissimuS,</strong></span> 
     </span>
     <span class='ocr_line' id='line_1_8' title="bbox 1806 1249 2773 1314; baseline -0.002 0"><span class='ocrx_word' id='word_1_40' title='bbox 1806 1249 2255 1314; x_wconf 66' lang='lat' dir='ltr'><strong>Gummmus</strong></span> <span class='ocrx_word' id='word_1_41' title='bbox 2300 1249 2773 1314; x_wconf 74' lang='lat' dir='ltr'><strong>HowARnUS.</strong></span> 
     </span>
    </p>
   </div>
   <div class='ocr_carea' id='block_1_3' title="bbox 1702 1497 1939 1509">
    <p class='ocr_par' dir='ltr' id='par_1_3' title="bbox 1702 1497 1939 1509">
     <span class='ocr_line' id='line_1_9' title="bbox 1702 1497 1939 1509; baseline 0 -1"><span class='ocrx_word' id='word_1_42' title='bbox 1702 1497 1939 1509; x_wconf 55' lang='lat'><strong>*—</strong></span> 
     </span>
    </p>
   </div>
   <div class='ocr_carea' id='block_1_4' title="bbox 1321 1667 2319 1737">
    <p class='ocr_par' dir='ltr' id='par_1_4' title="bbox 1321 1667 2319 1737">
     <span class='ocr_line' id='line_1_10' title="bbox 1321 1667 2319 1737; baseline 0.001 -2"><span class='ocrx_word' id='word_1_43' title='bbox 1321 1667 1786 1736; x_wconf 85' lang='lat' dir='ltr'><strong>CANDIDO</strong></span> <span class='ocrx_word' id='word_1_44' title='bbox 1856 1667 2319 1737; x_wconf 84' lang='lat' dir='ltr'><strong>LECTORI.</strong></span> 
     </span>
    </p>
   </div>
   <div class='ocr_carea' id='block_1_5' title="bbox 863 1840 2775 4299">
    <p class='ocr_par' dir='ltr' id='par_1_5' title="bbox 863 1840 2775 4299">
     <span class='ocr_line' id='line_1_11' title="bbox 965 1840 2774 1924; baseline -0.001 -18"><span class='ocrx_word' id='word_1_45' title='bbox 965 1841 1185 1919; x_wconf 64' lang='lat' dir='ltr'><strong>Ecca,</strong></span> <span class='ocrx_word' id='word_1_46' title='bbox 1207 1843 1502 1924; x_wconf 84' lang='lat' dir='ltr'><strong>benigne</strong></span> <span class='ocrx_word' id='word_1_47' title='bbox 1524 1843 1767 1921; x_wconf 88' lang='lat' dir='ltr'><strong>lector,</strong></span> <span class='ocrx_word' id='word_1_48' title='bbox 1795 1849 1903 1907; x_wconf 91' lang='lat' dir='ltr'><strong>tot</strong></span> <span class='ocrx_word' id='word_1_49' title='bbox 1928 1841 2227 1907; x_wconf 83' lang='lat' dir='ltr'><strong>evolutis</strong></span> <span class='ocrx_word' id='word_1_50' title='bbox 2250 1840 2523 1905; x_wconf 83' lang='lat' dir='ltr'><strong>saeculis</strong></span> <span class='ocrx_word' id='word_1_51' title='bbox 2546 1841 2774 1922; x_wconf 86' lang='lat' dir='ltr'><strong>prodit</strong></span> 
     </span>
     <span class='ocr_line' id='line_1_12' title="bbox 877 1940 2767 2025; baseline 0.001 -22"><span class='ocrx_word' id='word_1_52' title='bbox 877 1940 951 2004; x_wconf 89' lang='lat' dir='ltr'><strong>in</strong></span> <span class='ocrx_word' id='word_1_53' title='bbox 977 1940 1222 2018; x_wconf 86' lang='lat' dir='ltr'><strong>lucem,</strong></span> <span class='ocrx_word' id='word_1_54' title='bbox 1257 1949 1328 2006; x_wconf 89' lang='lat' dir='ltr'><strong>et</strong></span> <span class='ocrx_word' id='word_1_55' title='bbox 1358 1961 1667 2006; x_wconf 79' lang='lat' dir='ltr'><strong>censurae</strong></span> <span class='ocrx_word' id='word_1_56' title='bbox 1702 1950 1843 2006; x_wconf 83' lang='lat' dir='ltr'><strong>tuae</strong></span> <span class='ocrx_word' id='word_1_57' title='bbox 1886 1960 1963 2005; x_wconf 85' lang='lat' dir='ltr'><strong>se</strong></span> <span class='ocrx_word' id='word_1_58' title='bbox 2006 1941 2287 2025; x_wconf 86' lang='lat' dir='ltr'><strong>subjicit</strong></span> <span class='ocrx_word' id='word_1_59' title='bbox 2318 1941 2767 2023; x_wconf 85' lang='lat' dir='ltr'><strong>opusculum:</strong></span> 
     </span>
     <span class='ocr_line' id='line_1_13' title="bbox 879 2039 2773 2123; baseline 0 -20"><span class='ocrx_word' id='word_1_60' title='bbox 879 2041 941 2103; x_wconf 88' lang='lat' dir='ltr'><strong>si</strong></span> <span class='ocrx_word' id='word_1_61' title='bbox 991 2047 1342 2104; x_wconf 82' lang='lat' dir='ltr'><strong>auctorem</strong></span> <span class='ocrx_word' id='word_1_62' title='bbox 1389 2041 1668 2123; x_wconf 68' lang='lat' dir='ltr'><strong>quaeriS,</strong></span> <span class='ocrx_word' id='word_1_63' title='bbox 1716 2041 2055 2106; x_wconf 84' lang='lat' dir='ltr'>Florentii</span> <span class='ocrx_word' id='word_1_64' title='bbox 2094 2040 2345 2104; x_wconf 89' lang='lat' dir='ltr'><strong>eruditi</strong></span> <span class='ocrx_word' id='word_1_65' title='bbox 2394 2039 2773 2121; x_wconf 80' lang='lat' dir='ltr'><strong>Wigorniae</strong></span> 
     </span>
     <span class='ocr_line' id='line_1_14' title="bbox 877 2138 2775 2222; baseline -0.001 -20"><span class='ocrx_word' id='word_1_66' title='bbox 877 2139 1240 2205; x_wconf 83' lang='lat' dir='ltr'><strong>monachi:</strong></span> <span class='ocrx_word' id='word_1_67' title='bbox 1306 2139 1368 2202; x_wconf 89' lang='lat' dir='ltr'><strong>si</strong></span> <span class='ocrx_word' id='word_1_68' title='bbox 1417 2140 1776 2221; x_wconf 81' lang='lat' dir='ltr'>originem,</span> <span class='ocrx_word' id='word_1_69' title='bbox 1836 2141 1925 2204; x_wconf 86' lang='lat' dir='ltr'><strong>ab</strong></span> <span class='ocrx_word' id='word_1_70' title='bbox 1976 2139 2145 2222; x_wconf 88' lang='lat' dir='ltr'><strong>ipsis</strong></span> <span class='ocrx_word' id='word_1_71' title='bbox 2196 2138 2434 2202; x_wconf 89' lang='lat' dir='ltr'><strong>mundi</strong></span> <span class='ocrx_word' id='word_1_72' title='bbox 2482 2139 2775 2203; x_wconf 77' lang='lat' dir='ltr'><strong>incuna-</strong></span> 
     </span>
     <span class='ocr_line' id='line_1_15' title="bbox 876 2237 2771 2320; baseline 0 -19"><span class='ocrx_word' id='word_1_73' title='bbox 876 2237 1060 2302; x_wconf 83' lang='lat' dir='ltr'><strong>bulis</strong></span> <span class='ocrx_word' id='word_1_74' title='bbox 1111 2238 1201 2302; x_wconf 92' lang='lat' dir='ltr'><strong>ad</strong></span> <span class='ocrx_word' id='word_1_75' title='bbox 1246 2238 1535 2303; x_wconf 89' lang='lat' dir='ltr'><strong>Henrici</strong></span> <span class='ocrx_word' id='word_1_76' title='bbox 1586 2239 1825 2316; x_wconf 84' lang='lat' dir='ltr'><strong>Primi,</strong></span> <span class='ocrx_word' id='word_1_77' title='bbox 1872 2239 2055 2319; x_wconf 82' lang='lat' dir='ltr'><strong>regis</strong></span> <span class='ocrx_word' id='word_1_78' title='bbox 2110 2237 2413 2319; x_wconf 84' lang='lat' dir='ltr'><strong>Angliae,</strong></span> <span class='ocrx_word' id='word_1_79' title='bbox 2458 2244 2771 2320; x_wconf 91' lang='lat' dir='ltr'><strong>tempora</strong></span> 
     </span>
     <span class='ocr_line' id='line_1_16' title="bbox 877 2337 2771 2418; baseline 0.001 -19"><span class='ocrx_word' id='word_1_80' title='bbox 877 2337 1287 2402; x_wconf 86' lang='lat' dir='ltr'><strong>deductum:</strong></span> <span class='ocrx_word' id='word_1_81' title='bbox 1355 2340 1415 2401; x_wconf 85' lang='lat' dir='ltr'><strong>si</strong></span> <span class='ocrx_word' id='word_1_82' title='bbox 1475 2339 1863 2413; x_wconf 77' lang='lat' dir='ltr'><strong>materiam,</strong></span> <span class='ocrx_word' id='word_1_83' title='bbox 1912 2345 2056 2401; x_wconf 89' lang='lat' dir='ltr'><strong>tam</strong></span> <span class='ocrx_word' id='word_1_84' title='bbox 2117 2344 2321 2401; x_wconf 81' lang='lat' dir='ltr'><strong>extra</strong></span> <span class='ocrx_word' id='word_1_85' title='bbox 2384 2355 2595 2418; x_wconf 86' lang='lat' dir='ltr'><strong>quam</strong></span> <span class='ocrx_word' id='word_1_86' title='bbox 2647 2338 2771 2400; x_wconf 91' lang='lat' dir='ltr'><strong>do-</strong></span> 
     </span>
     <span class='ocr_line' id='line_1_17' title="bbox 877 2436 2768 2518; baseline 0.001 -21"><span class='ocrx_word' id='word_1_87' title='bbox 877 2437 1168 2499; x_wconf 88' lang='lat' dir='ltr'><strong>mestica</strong></span> <span class='ocrx_word' id='word_1_88' title='bbox 1199 2442 1399 2516; x_wconf 86' lang='lat' dir='ltr'><strong>gesta</strong></span> <span class='ocrx_word' id='word_1_89' title='bbox 1431 2436 1833 2499; x_wconf 83' lang='lat' dir='ltr'><strong>continens:</strong></span> <span class='ocrx_word' id='word_1_90' title='bbox 1881 2443 1953 2499; x_wconf 91' lang='lat' dir='ltr'><strong>et</strong></span> <span class='ocrx_word' id='word_1_91' title='bbox 1984 2436 2120 2500; x_wconf 87' lang='lat' dir='ltr'><strong>nisi</strong></span> <span class='ocrx_word' id='word_1_92' title='bbox 2152 2436 2554 2514; x_wconf 87' lang='lat' dir='ltr'><strong>multorum,</strong></span> <span class='ocrx_word' id='word_1_93' title='bbox 2585 2437 2768 2518; x_wconf 91' lang='lat' dir='ltr'><strong>quod</strong></span> 
     </span>
     <span class='ocr_line' id='line_1_18' title="bbox 879 2534 2766 2618; baseline 0.001 -20"><span class='ocrx_word' id='word_1_94' title='bbox 879 2534 1008 2598; x_wconf 80' lang='lat' dir='ltr'><strong>vix</strong></span> <span class='ocrx_word' id='word_1_95' title='bbox 1070 2534 1218 2597; x_wconf 90' lang='lat' dir='ltr'><strong>fieri</strong></span> <span class='ocrx_word' id='word_1_96' title='bbox 1253 2546 1486 2616; x_wconf 74' lang='lat' dir='ltr'><strong>‘posse</strong></span> <span class='ocrx_word' id='word_1_97' title='bbox 1545 2535 1868 2613; x_wconf 82' lang='lat' dir='ltr'><strong>arbitror,</strong></span> <span class='ocrx_word' id='word_1_98' title='bbox 1934 2542 2118 2599; x_wconf 83' lang='lat' dir='ltr'><strong>erret</strong></span> <span class='ocrx_word' id='word_1_99' title='bbox 2166 2536 2533 2618; x_wconf 88' lang='lat' dir='ltr'><strong>judicium,</strong></span> <span class='ocrx_word' id='word_1_100' title='bbox 2586 2536 2766 2617; x_wconf 87' lang='lat' dir='ltr'><strong>quod</strong></span> 
     </span>
     <span class='ocr_line' id='line_1_19' title="bbox 877 2633 2771 2716; baseline 0.002 -22"><span class='ocrx_word' id='word_1_101' title='bbox 877 2633 1094 2715; x_wconf 82' lang='lat' dir='ltr'><strong>praelo</strong></span> <span class='ocrx_word' id='word_1_102' title='bbox 1154 2634 1522 2697; x_wconf 87' lang='lat' dir='ltr'><strong>mandetur</strong></span> <span class='ocrx_word' id='word_1_103' title='bbox 1584 2634 1896 2715; x_wconf 82' lang='lat' dir='ltr'><strong>inprimis</strong></span> <span class='ocrx_word' id='word_1_104' title='bbox 1956 2634 2264 2716; x_wconf 84' lang='lat' dir='ltr'><strong>dignum.</strong></span> <span class='ocrx_word' id='word_1_105' title='bbox 2388 2633 2549 2699; x_wconf 91' lang='lat' dir='ltr'><strong>Hoc</strong></span> <span class='ocrx_word' id='word_1_106' title='bbox 2612 2654 2771 2697; x_wconf 87' lang='lat' dir='ltr'><strong>cum</strong></span> 
     </span>
     <span class='ocr_line' id='line_1_20' title="bbox 868 2732 2773 2815; baseline 0.002 -21"><span class='ocrx_word' id='word_1_107' title='bbox 868 2732 1142 2814; x_wconf 88' lang='lat' dir='ltr'><strong>jamdiu</strong></span> <span class='ocrx_word' id='word_1_108' title='bbox 1200 2733 1384 2796; x_wconf 88' lang='lat' dir='ltr'><strong>intra</strong></span> <span class='ocrx_word' id='word_1_109' title='bbox 1427 2733 1739 2814; x_wconf 87' lang='lat' dir='ltr'><strong>privatos</strong></span> <span class='ocrx_word' id='word_1_110' title='bbox 1795 2734 2095 2815; x_wconf 86' lang='lat' dir='ltr'><strong>parietes</strong></span> <span class='ocrx_word' id='word_1_111' title='bbox 2153 2733 2548 2797; x_wconf 85' lang='lat' dir='ltr'><strong>conclusum</strong></span> <span class='ocrx_word' id='word_1_112' title='bbox 2594 2733 2773 2797; x_wconf 67' lang='lat' dir='ltr'><strong>latu-</strong></span> 
     </span>
     <span class='ocr_line' id='line_1_21' title="bbox 875 2830 2767 2912; baseline 0.002 -20"><span class='ocrx_word' id='word_1_113' title='bbox 875 2831 1067 2907; x_wconf 86' lang='lat' dir='ltr'><strong>isset,</strong></span> <span class='ocrx_word' id='word_1_114' title='bbox 1100 2832 1530 2912; x_wconf 88' lang='lat' dir='ltr'><strong>quorundam</strong></span> <span class='ocrx_word' id='word_1_115' title='bbox 1564 2830 1847 2898; x_wconf 88' lang='lat' dir='ltr'><strong>hortatu</strong></span> <span class='ocrx_word' id='word_1_116' title='bbox 1895 2834 2201 2895; x_wconf 86' lang='lat' dir='ltr'><strong>animum</strong></span> <span class='ocrx_word' id='word_1_117' title='bbox 2240 2832 2481 2895; x_wconf 87' lang='lat' dir='ltr'><strong>induxi</strong></span> <span class='ocrx_word' id='word_1_118' title='bbox 2518 2852 2767 2909; x_wconf 87' lang='lat' dir='ltr'><strong>meum,</strong></span> 
     </span>
     <span class='ocr_line' id='line_1_22' title="bbox 876 2930 2773 3012; baseline 0.001 -19"><span class='ocrx_word' id='word_1_119' title='bbox 876 2937 1196 3011; x_wconf 84' lang='lat' dir='ltr'><strong>sumptus</strong></span> <span class='ocrx_word' id='word_1_120' title='bbox 1240 2930 1510 3011; x_wconf 86' lang='lat' dir='ltr'><strong>aliquos</strong></span> <span class='ocrx_word' id='word_1_121' title='bbox 1563 2937 1633 2994; x_wconf 89' lang='lat' dir='ltr'><strong>et</strong></span> <span class='ocrx_word' id='word_1_122' title='bbox 1683 2950 1965 3012; x_wconf 90' lang='lat' dir='ltr'><strong>operam</strong></span> <span class='ocrx_word' id='word_1_123' title='bbox 2013 2948 2235 2994; x_wconf 87' lang='lat' dir='ltr'><strong>meam</strong></span> <span class='ocrx_word' id='word_1_124' title='bbox 2282 2932 2353 2993; x_wconf 89' lang='lat' dir='ltr'><strong>in</strong></span> <span class='ocrx_word' id='word_1_125' title='bbox 2398 2932 2637 2995; x_wconf 90' lang='lat' dir='ltr'><strong>eodem</strong></span> <span class='ocrx_word' id='word_1_126' title='bbox 2668 2933 2773 2995; x_wconf 89' lang='lat' dir='ltr'><strong>di-</strong></span> 
     </span>
     <span class='ocr_line' id='line_1_23' title="bbox 876 3029 2765 3111; baseline 0.001 -19"><span class='ocrx_word' id='word_1_127' title='bbox 876 3029 1227 3109; x_wconf 80' lang='lat' dir='ltr'><strong>vulgando</strong></span> <span class='ocrx_word' id='word_1_128' title='bbox 1274 3029 1700 3110; x_wconf 88' lang='lat' dir='ltr'><strong>impendere:</strong></span> <span class='ocrx_word' id='word_1_129' title='bbox 1751 3032 2050 3094; x_wconf 87' lang='lat' dir='ltr'><strong>maxime</strong></span> <span class='ocrx_word' id='word_1_130' title='bbox 2076 3031 2149 3093; x_wconf 90' lang='lat' dir='ltr'><strong>in</strong></span> <span class='ocrx_word' id='word_1_131' title='bbox 2178 3049 2413 3093; x_wconf 90' lang='lat' dir='ltr'><strong>eorum</strong></span> <span class='ocrx_word' id='word_1_132' title='bbox 2447 3032 2765 3111; x_wconf 85' lang='lat' dir='ltr'><strong>gratiam,</strong></span> 
     </span>
     <span class='ocr_line' id='line_1_24' title="bbox 876 3126 2773 3210; baseline 0.003 -21"><span class='ocrx_word' id='word_1_133' title='bbox 876 3128 994 3209; x_wconf 91' lang='lat' dir='ltr'><strong>qui</strong></span> <span class='ocrx_word' id='word_1_134' title='bbox 1033 3147 1108 3191; x_wconf 89' lang='lat' dir='ltr'><strong>se</strong></span> <span class='ocrx_word' id='word_1_135' title='bbox 1153 3135 1340 3192; x_wconf 88' lang='lat' dir='ltr'><strong>totos</strong></span> <span class='ocrx_word' id='word_1_136' title='bbox 1387 3126 1546 3191; x_wconf 91' lang='lat' dir='ltr'><strong>huic</strong></span> <span class='ocrx_word' id='word_1_137' title='bbox 1592 3148 1942 3210; x_wconf 88' lang='lat' dir='ltr'><strong>nunquam</strong></span> <span class='ocrx_word' id='word_1_138' title='bbox 1986 3129 2159 3193; x_wconf 85' lang='lat' dir='ltr'><strong>satis</strong></span> <span class='ocrx_word' id='word_1_139' title='bbox 2205 3128 2489 3193; x_wconf 87' lang='lat' dir='ltr'><strong>laudato</strong></span> <span class='ocrx_word' id='word_1_140' title='bbox 2534 3130 2773 3194; x_wconf 84' lang='lat' dir='ltr'><strong>studio</strong></span> 
     </span>
     <span class='ocr_line' id='line_1_25' title="bbox 875 3225 2772 3312; baseline 0.003 -24"><span class='ocrx_word' id='word_1_141' title='bbox 875 3225 1324 3292; x_wconf 84' lang='lat' dir='ltr'><strong>devoverunt.</strong></span> <span class='ocrx_word' id='word_1_142' title='bbox 1431 3227 1533 3291; x_wconf 91' lang='lat' dir='ltr'><strong>Ut</strong></span> <span class='ocrx_word' id='word_1_143' title='bbox 1594 3236 1830 3293; x_wconf 87' lang='lat' dir='ltr'><strong>autem</strong></span> <span class='ocrx_word' id='word_1_144' title='bbox 1898 3229 1985 3292; x_wconf 92' lang='lat' dir='ltr'><strong>ad</strong></span> <span class='ocrx_word' id='word_1_145' title='bbox 2045 3228 2253 3312; x_wconf 88' lang='lat' dir='ltr'><strong>hujus</strong></span> <span class='ocrx_word' id='word_1_146' title='bbox 2329 3228 2561 3311; x_wconf 83' lang='lat' dir='ltr'><strong>operis</strong></span> <span class='ocrx_word' id='word_1_147' title='bbox 2621 3230 2772 3311; x_wconf 79' lang='lat' dir='ltr'><strong>ple--</strong></span> 
     </span>
     <span class='ocr_line' id='line_1_26' title="bbox 873 3326 2771 3409; baseline 0.002 -21"><span class='ocrx_word' id='word_1_148' title='bbox 873 3326 1130 3390; x_wconf 91' lang='lat' dir='ltr'><strong>niorem</strong></span> <span class='ocrx_word' id='word_1_149' title='bbox 1194 3327 1680 3408; x_wconf 83' lang='lat' dir='ltr'><strong>cognitionem,</strong></span> <span class='ocrx_word' id='word_1_150' title='bbox 1736 3336 2074 3409; x_wconf 90' lang='lat' dir='ltr'><strong>tanquam</strong></span> <span class='ocrx_word' id='word_1_151' title='bbox 2128 3327 2399 3392; x_wconf 88' lang='lat' dir='ltr'><strong>Theseo</strong></span> <span class='ocrx_word' id='word_1_152' title='bbox 2454 3327 2593 3406; x_wconf 87' lang='lat' dir='ltr'><strong>filo,</strong></span> <span class='ocrx_word' id='word_1_153' title='bbox 2646 3329 2771 3392; x_wconf 69' lang='lat' dir='ltr'><strong>du·-</strong></span> 
     </span>
     <span class='ocr_line' id='line_1_27' title="bbox 874 3425 2773 3509; baseline 0.003 -23"><span class='ocrx_word' id='word_1_154' title='bbox 874 3427 1079 3501; x_wconf 80' lang='lat' dir='ltr'><strong>cariS,</strong></span> <span class='ocrx_word' id='word_1_155' title='bbox 1110 3425 1320 3489; x_wconf 84' lang='lat' dir='ltr'><strong>liceat</strong></span> <span class='ocrx_word' id='word_1_156' title='bbox 1372 3425 1539 3488; x_wconf 88' lang='lat' dir='ltr'><strong>mihi</strong></span> <span class='ocrx_word' id='word_1_157' title='bbox 1591 3429 1774 3490; x_wconf 91' lang='lat' dir='ltr'><strong>bona</strong></span> <span class='ocrx_word' id='word_1_158' title='bbox 1825 3433 1951 3489; x_wconf 87' lang='lat' dir='ltr'><strong>tua</strong></span> <span class='ocrx_word' id='word_1_159' title='bbox 2000 3444 2157 3489; x_wconf 91' lang='lat' dir='ltr'><strong>cum</strong></span> <span class='ocrx_word' id='word_1_160' title='bbox 2210 3427 2416 3491; x_wconf 86' lang='lat' dir='ltr'><strong>venia</strong></span> <span class='ocrx_word' id='word_1_161' title='bbox 2468 3434 2539 3490; x_wconf 89' lang='lat' dir='ltr'><strong>te</strong></span> <span class='ocrx_word' id='word_1_162' title='bbox 2591 3447 2773 3509; x_wconf 82' lang='lat' dir='ltr'><strong>prae-</strong></span> 
     </span>
     <span class='ocr_line' id='line_1_28' title="bbox 874 3526 2763 3607; baseline 0.003 -23"><span class='ocrx_word' id='word_1_163' title='bbox 874 3542 1178 3599; x_wconf 88' lang='lat' dir='ltr'><strong>monere,</strong></span> <span class='ocrx_word' id='word_1_164' title='bbox 1214 3529 1564 3586; x_wconf 85' lang='lat' dir='ltr'><strong>auctorem</strong></span> <span class='ocrx_word' id='word_1_165' title='bbox 1596 3526 1669 3586; x_wconf 92' lang='lat' dir='ltr'><strong>in</strong></span> <span class='ocrx_word' id='word_1_166' title='bbox 1704 3543 1833 3587; x_wconf 89' lang='lat' dir='ltr'><strong>sua</strong></span> <span class='ocrx_word' id='word_1_167' title='bbox 1878 3543 2213 3589; x_wconf 87' lang='lat' dir='ltr'><strong>annorum</strong></span> <span class='ocrx_word' id='word_1_168' title='bbox 2250 3527 2763 3607; x_wconf 89' lang='lat' dir='ltr'><strong>computatione</strong></span> 
     </span>
     <span class='ocr_line' id='line_1_29' title="bbox 873 3617 2769 3707; baseline 0.001 -22"><span class='ocrx_word' id='word_1_169' title='bbox 873 3621 1046 3685; x_wconf 79' lang='lat' dir='ltr'><strong>duas</strong></span> <span class='ocrx_word' id='word_1_170' title='bbox 1098 3617 1465 3686; x_wconf 83' lang='lat' dir='ltr'><strong>observare</strong></span> <span class='ocrx_word' id='word_1_171' title='bbox 1521 3624 1757 3699; x_wconf 83' lang='lat' dir='ltr'><strong>serieS,</strong></span> <span class='ocrx_word' id='word_1_172' title='bbox 1814 3642 2021 3687; x_wconf 89' lang='lat' dir='ltr'><strong>unam</strong></span> <span class='ocrx_word' id='word_1_173' title='bbox 2071 3625 2449 3688; x_wconf 87' lang='lat' dir='ltr'><strong>secundum</strong></span> <span class='ocrx_word' id='word_1_174' title='bbox 2504 3624 2769 3707; x_wconf 87' lang='lat' dir='ltr'><strong>Diony-</strong></span> 
     </span>
     <span class='ocr_line' id='line_1_30' title="bbox 873 3719 2763 3806; baseline 0.004 -25"><span class='ocrx_word' id='word_1_175' title='bbox 873 3719 1074 3797; x_wconf 87' lang='lat' dir='ltr'><strong>sium,</strong></span> <span class='ocrx_word' id='word_1_176' title='bbox 1113 3720 1225 3783; x_wconf 92' lang='lat' dir='ltr'><strong>cui</strong></span> <span class='ocrx_word' id='word_1_177' title='bbox 1254 3719 1326 3783; x_wconf 91' lang='lat' dir='ltr'><strong>in</strong></span> <span class='ocrx_word' id='word_1_178' title='bbox 1359 3722 1619 3785; x_wconf 83' lang='lat' dir='ltr'><strong>vertice</strong></span> <span class='ocrx_word' id='word_1_179' title='bbox 1658 3722 1934 3803; x_wconf 83' lang='lat' dir='ltr'><strong>paginae</strong></span> <span class='ocrx_word' id='word_1_180' title='bbox 1962 3724 2113 3786; x_wconf 84' lang='lat' dir='ltr'><strong>haec</strong></span> <span class='ocrx_word' id='word_1_181' title='bbox 2157 3730 2325 3788; x_wconf 90' lang='lat' dir='ltr'><strong>nota</strong></span> <span class='ocrx_word' id='word_1_182' title='bbox 2356 3724 2425 3787; x_wconf 94' lang='lat' dir='ltr'><strong>S.</strong></span> <span class='ocrx_word' id='word_1_183' title='bbox 2460 3724 2553 3789; x_wconf 90' lang='lat' dir='ltr'><strong>D.</strong></span> <span class='ocrx_word' id='word_1_184' title='bbox 2584 3744 2763 3806; x_wconf 80' lang='lat' dir='ltr'><strong>prae-</strong></span> 
     </span>
     <span class='ocr_line' id='line_1_31' title="bbox 872 3818 2762 3902; baseline 0.004 -22"><span class='ocrx_word' id='word_1_185' title='bbox 872 3818 1148 3899; x_wconf 85' lang='lat' dir='ltr'><strong>figitur:</strong></span> <span class='ocrx_word' id='word_1_186' title='bbox 1212 3820 1500 3885; x_wconf 89' lang='lat' dir='ltr'><strong>alteram</strong></span> <span class='ocrx_word' id='word_1_187' title='bbox 1553 3822 1927 3885; x_wconf 89' lang='lat' dir='ltr'><strong>secundum</strong></span> <span class='ocrx_word' id='word_1_188' title='bbox 1980 3822 2462 3902; x_wconf 80' lang='lat' dir='ltr'><strong>Evangelium,</strong></span> <span class='ocrx_word' id='word_1_189' title='bbox 2514 3824 2627 3886; x_wconf 91' lang='lat' dir='ltr'><strong>cui</strong></span> <span class='ocrx_word' id='word_1_190' title='bbox 2672 3843 2762 3887; x_wconf 84' lang='lat' dir='ltr'><strong>ex</strong></span> 
     </span>
     <span class='ocr_line' id='line_1_32' title="bbox 872 3917 2761 4003; baseline 0.003 -23"><span class='ocrx_word' id='word_1_191' title='bbox 872 3917 1165 3982; x_wconf 86' lang='lat' dir='ltr'><strong>adverso</strong></span> <span class='ocrx_word' id='word_1_192' title='bbox 1214 3918 1286 3981; x_wconf 88' lang='lat' dir='ltr'><strong>S.</strong></span> <span class='ocrx_word' id='word_1_193' title='bbox 1320 3919 1401 3983; x_wconf 93' lang='lat' dir='ltr'><strong>E.</strong></span> <span class='ocrx_word' id='word_1_194' title='bbox 1442 3920 1692 3984; x_wconf 86' lang='lat' dir='ltr'><strong>indicis</strong></span> <span class='ocrx_word' id='word_1_195' title='bbox 1739 3922 1896 3986; x_wconf 93' lang='lat' dir='ltr'><strong>loco</strong></span> <span class='ocrx_word' id='word_1_196' title='bbox 1943 3929 2459 4003; x_wconf 73' lang='lat' dir='ltr'><strong>praeponuntur.</strong></span> <span class='ocrx_word' id='word_1_197' title='bbox 2564 3920 2761 3999; x_wconf 85' lang='lat' dir='ltr'><strong>Quas</strong></span> 
     </span>
     <span class='ocr_line' id='line_1_33' title="bbox 870 4015 2771 4103; baseline 0.004 -27"><span class='ocrx_word' id='word_1_198' title='bbox 870 4015 1144 4097; x_wconf 88' lang='lat' dir='ltr'><strong>quidem</strong></span> <span class='ocrx_word' id='word_1_199' title='bbox 1203 4018 1414 4081; x_wconf 88' lang='lat' dir='ltr'><strong>series</strong></span> <span class='ocrx_word' id='word_1_200' title='bbox 1479 4036 1679 4082; x_wconf 83' lang='lat' dir='ltr'><strong>xxn.</strong></span> <span class='ocrx_word' id='word_1_201' title='bbox 1742 4020 1941 4083; x_wconf 90' lang='lat' dir='ltr'><strong>annis</strong></span> <span class='ocrx_word' id='word_1_202' title='bbox 1996 4021 2174 4083; x_wconf 88' lang='lat' dir='ltr'><strong>inter</strong></span> <span class='ocrx_word' id='word_1_203' title='bbox 2240 4039 2316 4083; x_wconf 89' lang='lat' dir='ltr'><strong>se</strong></span> <span class='ocrx_word' id='word_1_204' title='bbox 2372 4021 2771 4103; x_wconf 83' lang='lat' dir='ltr'><strong>discrepare</strong></span> 
     </span>
     <span class='ocr_line' id='line_1_34' title="bbox 867 4114 2761 4195; baseline 0.005 -20"><span class='ocrx_word' id='word_1_205' title='bbox 867 4114 1198 4178; x_wconf 77' lang='lat' dir='ltr'><strong>invenies,</strong></span> <span class='ocrx_word' id='word_1_206' title='bbox 1237 4116 1278 4159; x_wconf 80' lang='lat'><em>*</em></span> <span class='ocrx_word' id='word_1_207' title='bbox 1336 4118 1378 4160; x_wconf 53' lang='grc' dir='ltr'><strong>ἕ</strong></span> <span class='ocrx_word' id='word_1_208' title='bbox 1428 4118 1468 4161; x_wconf 72' lang='lat'><strong>³⁸*</strong></span> <span class='ocrx_word' id='word_1_209' title='bbox 1521 4118 1562 4161; x_wconf 55' lang='grc' dir='ltr'><strong>θ’</strong></span> <span class='ocrx_word' id='word_1_210' title='bbox 1620 4117 1663 4160; x_wconf 80' lang='lat'><em>*</em></span> <span class='ocrx_word' id='word_1_211' title='bbox 1719 4119 1762 4162; x_wconf 80' lang='lat'><em>*</em></span> <span class='ocrx_word' id='word_1_212' title='bbox 1812 4119 1855 4162; x_wconf 80' lang='lat'><em>*</em></span> <span class='ocrx_word' id='word_1_213' title='bbox 1912 4119 1953 4162; x_wconf 80' lang='lat'><em>*</em></span> <span class='ocrx_word' id='word_1_214' title='bbox 2002 4116 2361 4195; x_wconf 84' lang='lat' dir='ltr'><strong>Quantum</strong></span> <span class='ocrx_word' id='word_1_215' title='bbox 2411 4120 2495 4183; x_wconf 92' lang='lat' dir='ltr'><strong>ad</strong></span> <span class='ocrx_word' id='word_1_216' title='bbox 2544 4119 2761 4184; x_wconf 87' lang='lat' dir='ltr'><strong>histo-</strong></span> 
     </span>
     <span class='ocr_line' id='line_1_35' title="bbox 863 4212 2764 4299; baseline 0.005 -26"><span class='ocrx_word' id='word_1_217' title='bbox 863 4212 1038 4275; x_wconf 89' lang='lat' dir='ltr'><strong>riam</strong></span> <span class='ocrx_word' id='word_1_218' title='bbox 1098 4222 1395 4295; x_wconf 87' lang='lat' dir='ltr'><strong>spectat,</strong></span> <span class='ocrx_word' id='word_1_219' title='bbox 1455 4218 1543 4279; x_wconf 90' lang='lat' dir='ltr'><strong>ab</strong></span> <span class='ocrx_word' id='word_1_220' title='bbox 1604 4218 1893 4299; x_wconf 85' lang='lat' dir='ltr'><strong>antiquo</strong></span> <span class='ocrx_word' id='word_1_221' title='bbox 1954 4218 2337 4299; x_wconf 86' lang='lat' dir='ltr'><strong>exemplari</strong></span> <span class='ocrx_word' id='word_1_222' title='bbox 2401 4239 2484 4282; x_wconf 88' lang='lat' dir='ltr'><strong>ne</strong></span> <span class='ocrx_word' id='word_1_223' title='bbox 2540 4219 2764 4283; x_wconf 86' lang='lat' dir='ltr'><strong>latum</strong></span> 
     </span>
    </p>
   </div>
   <div class='ocr_carea' id='block_1_6' title="bbox 3072 285 3075 820">
    <p class='ocr_par' dir='ltr' id='par_1_6' title="bbox 3072 285 3075 820">
     <span class='ocr_line' id='line_1_36' title="bbox 3072 285 3075 820; baseline 0 0"><span class='ocrx_word' id='word_1_224' title='bbox 3072 285 3075 820; x_wconf 95' lang='lat' dir='ltr'><strong> </strong></span> 
     </span>
    </p>
   </div>
  </div>
 </body>
</html>
