3107 5054
569 1870 662 1910 Tho
679 1871 803 1910 Flan-

567 1922 714 1960 drians
732 1920 852 1960 inha-

567 1972 705 2019 biting
717 1971 870 2011 North-

570 2022 738 2061 umbris

569 2072 828 2112 transferred

569 2126 614 2162 to
633 2122 790 2162 Wales.

570 2272 664 2312 The
678 2283 775 2312 new

567 2325 810 2371 monastery
827 2325 872 2362 at

893 477 982 542 64
1632 491 2055 541 cnaomcon

897 655 1168 716 vertere
1251 649 1653 726 tentaverit,
1733 648 2199 714 anathematis
2284 649 2588 727 vinculo,
2666 647 2807 714 nisi·

895 748 1286 832 resipuerit,
1341 749 1736 825 innodetur,
1783 749 2063 812 honoris
2110 767 2389 831 quoque
2444 769 2527 812 ac
2578 750 2797 830 digni-

896 849 1066 914 tatis
1099 867 1246 913 suae
1281 848 1660 932 periculum
1694 848 2042 930 patiatur;
2094 849 2539 913 observantes
2566 855 2795 913 autem

897 949 1366 1014 misericordia
1416 948 1657 1013 divina
1706 947 2079 1024 custodiat,
2134 956 2207 1012 et
2258 967 2626 1031 personam
2676 969 2797 1030 po-

897 1055 1362 1131 testatemque
1402 1055 1595 1112 tuam
1636 1047 1727 1111 ad
1772 1046 2101 1111 honorem
2146 1065 2348 1111 suum
2393 1054 2464 1112 et
2506 1048 2795 1132 gloriam

896 1147 1219 1212 foeliciter
1245 1149 1586 1230 imperare
1617 1146 1998 1211 concedat.’

1001 1247 1140 1311 His
1183 1246 1755 1312 conventionibus
1798 1254 1871 1311 et
1904 1245 2323 1328 juramentis
2364 1248 2546 1311 inter
2576 1247 2793 1310 domi-

897 1364 1062 1410 num
1088 1366 1339 1429 papam
1365 1353 1437 1411 et
1459 1364 1715 1427 regem,
1742 1345 1813 1409 in
1837 1345 2163 1410 Paschali
2191 1346 2595 1424 festivitate,
2614 1347 2799 1411 facta

895 1452 1008 1510 est
1046 1445 1428 1510 concordia.
1533 1445 1805 1509 Deinde
1839 1445 2139 1510 Romam
2184 1447 2339 1510 idus
2382 1445 2644 1528 Aprilis
2681 1445 2797 1532 [13

895 1541 1107 1634 Apn]
1169 1565 1293 1609 rex
1340 1545 1555 1622 venit,
1608 1565 1813 1627 quem
1868 1543 2054 1628 papa
2090 1545 2162 1609 in
2214 1547 2509 1610 ecclesia
2558 1541 2797 1612 Sancti

899 1643 1115 1720 Petri,
1161 1645 1440 1710 missam
1486 1644 1865 1721 celebranS,
1909 1645 1982 1707 in
2028 1646 2515 1727 imperatorem
2562 1667 2797 1710 conse-

896 1745 1142 1822 cravit,
1175 1751 1247 1808 et
1279 1744 1344 1808 ei
1377 1744 1661 1827 suisque
1708 1744 2023 1808 omnibus
2066 1744 2571 1810 absolutionem
2608 1747 2795 1824 fecit,

897 1852 969 1909 ct
999 1863 1268 1909 omnem
1300 1843 1623 1928 injuriam
1652 1844 1781 1908 sibi
1816 1844 2071 1908 factam
2104 1845 2541 1910 condonavit.
2634 1845 2793 1910 Rex

896 1942 1285 2026 Anglorum
1323 1944 1699 2010 Heinricus
1749 1943 2209 2008 Flandrenses
2245 1946 2365 2026 qui
2419 1945 2795 2029 Northym-

896 2043 1112 2107 briam
1136 2044 1555 2121 incolebant,
1578 2063 1735 2108 cum
1760 2050 1911 2108 tota
1932 2044 2346 2126 supellectili
2368 2064 2515 2127 sua,
2536 2046 2607 2108 in
2636 2045 2797 2110 Wa·'

897 2143 1154 2208 Ioniam
1187 2145 1568 2220 transtulit,
1598 2150 1669 2208 et
1699 2150 1981 2220 terram,
2009 2163 2167 2225 quae
2199 2143 2349 2209 Ros
2379 2143 2795 2222 nominatur,

895 2244 1192 2309 incolere
1242 2244 1595 2328 praecepit.
1702 2242 1983 2307 Novum
2024 2244 2233 2307 etiam
2278 2247 2795 2322 monasterium,

571 2372 816 2412 winone-t
791 2383 838 2412 ι
898 2345 1081 2426 quod
1106 2343 1286 2407 infra
1309 2343 1969 2407 murumWintoniae
1990 2350 2163 2420 erat,
2186 2351 2437 2424 agente
2447 2344 2798 2409 Willelmo

567 2423 676 2462 hullt
693 2423 874 2462 without

568 2476 686 2514 thee
663 2475 762 2523 city.

897 2443 1363 2507 Wintoniensi
1407 2443 1758 2524 episcop0,
1793 2461 1917 2505 rex
1946 2448 2151 2506 extra
2182 2462 2451 2508 murum
2487 2447 2796 2509 construi
2864 2477 2872 2490 ‚

571 2574 610 2615 A
630 2586 732 2615 ..ν
734 2585 778 2614 10
887 2544 1141 2626 jussit.
1174 2550 1246 2606 et
1269 2562 1406 2606 non
1431 2543 1651 2607 multo
1678 2550 1837 2626 post
1854 2562 2044 2607 mare
2066 2543 2361 2608 transiit.
2428 2544 2588 2609 Hoc
2613 2564 2794 2609 anno

570 2625 726 2664 winter
742 2624 828 2664 and

567 2676 741 2715 tamine.

581 3145 837 3185 A.D.1112.

563 3213 658 3252 The
675 3213 849 3253 Council

561 3264 612 3303 or
625 3264 821 3305 Lateran.

896 2642 1116 2707 hiems
1146 2642 1547 2723 asperrima,
1593 2642 1811 2707 fames
1841 2643 2098 2719 valida,
2144 2644 2535 2708 mortalitas
2580 2644 2793 2709 homi-

896 2762 1086 2819 num,
1115 2743 1332 2824 pestis
1363 2742 1789 2818 animalium,
1816 2743 2193 2823 agrestium
2226 2743 2432 2807 simul
2467 2751 2539 2808 et
2569 2745 2795 2808 dome-

893 2841 1249 2919 sticorum,
1285 2850 1695 2923 stragesque
1726 2842 1957 2907 avium
1987 2843 2226 2907 extitit
2256 2845 2707 2925 permaxima.

1035 3040 1203 3083 Aemo
1245 3041 1498 3083 comum
1539 3042 1765 3084 ooN'raA
1808 3041 2082 3084 EAEanm
2124 3042 2201 3083 DE
2240 3041 2647 3086 mvl-'smmum-

992 3134 1225 3201 ‘Anno
1289 3137 1737 3219 pontificatus
1800 3136 2060 3201 domini
2144 3158 2346 3221 papae
2428 3139 2789 3204 Paschalis

891 3235 1190 3301 Secundi
1243 3254 1432 3314 xm„
1485 3238 1860 3301 indictione
1909 3253 2002 3315 v.,
2046 3258 2279 3302 mense
2329 3240 2616 3315 Martio,
2670 3256 2792 3302 xv,

893 3336 1032 3400 kal.
1073 3336 1336 3419 Aprilis
1387 3337 1508 3416 [18
1542 3337 1786 3417 Mar.],
1830 3337 2251 3402 celebratum
2292 3346 2400 3402 est
2431 3339 2793 3403 concilium

895 3434 1169 3514 Romae,
1247 3436 1635 3511 LateraniS,
1700 3437 1775 3498 in
1843 3434 2129 3500 basilica
2193 3437 2796 3502 Constantiniana.

897 3532 982 3594 In
1006 3553 1145 3615 quo
1171 3554 1328 3597 cum
1353 3533 1673 3597 dominus
1696 3552 1881 3616 papa
1902 3535 2249 3601 rediisset¹
2280 3556 2435 3601 cum
2464 3536 2798 3620 archiepia

893 3632 1147 3714 scopis,
1181 3639 1252 3696 et
1283 3632 1652 3714 episcopis»,
1680 3640 1751 3696 et
1780 3635 2269 3713 cardinalibus,
2296 3644 2367 3700 et
2396 3638 2595 3700 varia
2617 3637 2795 3700 mul-

893 3731 1190 3795 titudine
1233 3731 1637 3796 clericorum
1682 3739 1753 3796 et
1796 3732 2157 3812 laicorum,
2191 3736 2439 3800 ultima
2472 3735 2585 3799 die
2634 3756 2799 3800 con-

893 3831 1056 3907 cilii,
1104 3832 1292 3897 facta
1335 3851 1566 3897 coram
1612 3832 1929 3898 omnibus
1975 3834 2399 3917 professione
2437 3835 2797 3900 catholicae

893 3930 1076 4007 fidei,
1143 3952 1228 3995 ne
1294 3933 1450 4013 quis
1508 3932 1595 3997 de
1657 3932 1795 3997 fide
1852 3932 2071 4015 ipsius
2144 3934 2518 4014 dubitaret,
2577 3935 2794 3999 dixit:

893 4034 914 4063 ‘
941 4028 1348 4113 Amplector
1379 4051 1651 4096 omnem
1696 4033 1999 4097 divinam
2032 4035 2471 4116 scripturam,
2506 4035 2795 4111 scilicet,

894 4127 1174 4193 Veteris
1244 4150 1324 4195 ac
1379 4130 1569 4195 Novi
1634 4132 2087 4210 Testamenti,
2148 4134 2373 4215 legem
2436 4154 2481 4197 a
2546 4134 2796 4217 Moyse

893 4228 1218 4308 scriptam
1302 4237 1374 4293 et
1439 4248 1482 4292 a
1558 4232 1819 4294 sanctis
1895 4232 2268 4314 prophetis.
2393 4232 2800 4316 Amplector

1310 4355 1323 4384 ¹
1364 4357 1653 4423 Rediisset]
1689 4360 2006 4413 Resedisset.
2088 4362 2173 4412 W.
2197 4362 2372 4411 Malm.
