3107 5054
765 499 897 568 144
1269 512 1769 562 oon'rmusslo
1814 511 2167 561 onnomot

765 671 920 736 Nec
949 671 1080 738 fuit
1113 671 1269 753 quis
1301 670 1402 735 eis
1452 669 1949 752 responderem
2003 676 2075 733 et
2108 670 2361 733 iterum
2388 669 2685 732 interro-

762 777 1131 852 gaverunt,
1177 776 1198 805 ‘
1231 769 1372 836 Ubi
1435 777 1542 834 est
1598 769 2165 852 archiepiscopus
2222 767 2681 833 cantuarien·-

766 871 866 934 sis
888 871 951 935 ‘i'
1014 869 1268 952 quibus
1325 871 1478 952 ipse
1532 869 1919 950 respondit,
1976 875 1995 902 ‘
2022 868 2163 934 Hic
2204 887 2387 944 sum,
2438 885 2681 932 servus

770 969 1058 1048 Christi,
1121 988 1328 1052 quem
1379 987 1508 1035 vos
1560 967 1921 1049 quaeritis?
2047 967 2179 1031 Cui
2240 987 2424 1031 unus
2480 967 2681 1032 fime-

769 1077 1037 1134 storum
1097 1068 1398 1134 militum
1441 1068 1516 1131 in
1560 1067 1815 1149 spiritu
1877 1067 2131 1131 furoris
2194 1066 2456 1144 intulit,
2520 1073 2541 1102 ‘
2566 1067 2681 1132 Tu

766 1169 971 1233 modo
1007 1168 1346 1245 morieris,
1398 1166 1825 1249 impossibile
1880 1166 2065 1230 enim
2106 1173 2215 1229 est
2259 1176 2339 1230 ut
2383 1167 2681 1230 ulterius

768 1267 1010 1332 vivas?
1138 1267 1532 1348 Respondit
1598 1274 1829 1332 autem
1902 1265 2491 1348 archiepiscopus,
2540 1285 2679 1330 non

769 1367 1020 1430 minori
1067 1366 1462 1432 constantia
1517 1366 1713 1431 verbi
1764 1384 1977 1447 quam
2032 1365 2269 1442 animi,
2302 1371 2323 1400 ‘
2346 1365 2501 1447 Ego
2551 1383 2677 1447 pro

769 1465 927 1532 Deo
979 1482 1134 1530 meo
1195 1465 1368 1529 mori
1421 1473 1713 1547 paratus
1768 1483 1945 1541 sum,
2000 1471 2073 1528 et
2113 1483 2239 1546 pro
2292 1465 2677 1529 assertione

757 1565 1080 1648 justitiae,
1142 1573 1217 1629 et
1281 1564 1594 1628 ecclesiae
1665 1562 2013 1629 libertate.
2128 1563 2263 1628 Sed
2332 1563 2395 1628 si
2462 1573 2675 1646 caput

765 1683 996 1728 meum
1027 1664 1367 1747 quaeritis,
1404 1663 1735 1762 prohibeo
1778 1683 1869 1728 ex
1905 1669 2113 1746 parte
2158 1663 2678 1745 omnipotentis

767 1763 928 1840 Dei,
972 1771 1044 1828 et
1093 1764 1222 1827 sub
1279 1763 1749 1839 anathemate,
1800 1783 1887 1826 ne
1953 1762 2276 1844 cuiquam
2329 1763 2474 1840 alii,
2524 1765 2677 1829 sive

768 1864 1104 1929 monacho
1139 1864 1288 1929 sive
1317 1863 1571 1928 clerico
1599 1862 1709 1926 vel
1737 1863 1943 1938 laico,
1970 1863 2217 1946 majori
2253 1862 2365 1926 vel
2398 1864 2672 1941 minori,

767 1963 841 2026 in
897 1964 1134 2046 aliquo
1193 1963 1550 2042 noceatis3
1598 1962 1721 2026 sed
1766 1963 1907 2027 sint
1952 1981 1997 2026 a
2051 1980 2259 2044 poena
2308 1961 2670 2040 immunes,

768 2063 952 2126 sicut
1015 2062 1400 2127 extiterunt
1455 2082 1501 2127 a
1558 2061 1815 2126 causa.’
1936 2061 2205 2126 Verba·
2242 2060 2393 2145 ejus
2446 2081 2671 2127 nonne

771 2161 1124 2228 Christum
1155 2161 1544 2243 exprimere
1576 2162 1918 2238 videntur,
1952 2161 2025 2224 in
2068 2161 2391 2243 passione
2436 2162 2671 2226 dicen-

769 2268 935 2339 tem,
997 2268 1018 2298 ‘
1042 2261 1118 2326 Si
1157 2279 1279 2327 ‘me
1329 2261 1667 2343 quaeritiS,
1702 2261 1912 2325 sinite
1955 2260 2082 2324 hos
2148 2261 2338 2324 abire
2360 2260 2425 2325 Τ
2531 2262 2672 2326 His

767 2361 996 2438 dictis,
1016 2360 1258 2425 videns
1291 2361 1651 2426 carnifices
1684 2361 1951 2424 eductis
1985 2359 2258 2441 gladiiS‚
2288 2361 2361 2423 in
2392 2361 2669 2425 modum

769 2461 1032 2526 orantis
1062 2459 1427 2525 inclinavit
1457 2467 1687 2544 caput,
1724 2460 1875 2524 haec
1911 2460 2289 2525 novissima
2318 2460 2674 2543 proferens

767 2562 1004 2637 verba,
1041 2566 1061 2599 ‘
1087 2561 1266 2637 Deo,
1313 2568 1385 2625 et
1433 2561 1657 2625 beatae
1712 2560 1985 2636 Mariae,
2036 2567 2107 2623 et
2154 2561 2415 2625 sanctis
2459 2560 2671 2645 hujus

767 2660 1076 2725 ecclesiae
1125 2660 1467 2742 patroniS,
1498 2669 1571 2725 et
1614 2662 1821 2724 beato
1866 2659 2233 2741 Dionysio,
2264 2663 2672 2726 commendo

765 2760 1105 2843 meipsum
1139 2767 1210 2825 et
1245 2761 1558 2824 ecclesiae
1588 2758 1918 2825 causam?
2021 2759 2219 2823 Tunc
2251 2760 2324 2822 in
2353 2760 2673 2825 omnibus

765 2859 876 2924 his
913 2861 1358 2937 cruciatibuS,
1393 2860 1637 2925 invicti
1670 2859 1883 2923 animi
1927 2865 1997 2921 et
2045 2859 2473 2923 admirandae
2506 2874 2673 2924 con··

765 2961 1045 3025 stantiae
1079 2966 1346 3042 martyr
1379 2979 1518 3023 non
1555 2960 1837 3023 verbum
1874 2959 1985 3022 vel
2018 2958 2385 3023 clamorem
2416 2960 2669 3037 emisit,

767 3078 908 3123 non
967 3059 1181 3123 edidit
1231 3059 1591 3139 gemitum,
1628 3078 1753 3123 nec
1806 3056 2161 3124 brachium
2228 3066 2353 3122 aut
2402 3066 2681 3124 vestem·

767 3159 1118 3241 opposuit.
1156 3159 1455 3235 ferienti,
1513 3158 1635 3221 sed
1696 3164 1911 3240 caput
1986 3156 2419 3236 inclinatum,
2477 3160 2668 3242 quod

767 3258 1018 3340 gladiis
1041 3266 1487 3341 exposuerat,
1507 3258 1727 3323 donec
1752 3264 2371 3335 consummaretur,
2391 3260 2670 3324 tenebat

765 3358 1135 3423 immobile.
1242 3358 1494 3441 Itaque
1541 3357 1816 3440 praefati
1869 3356 2125 3420 milites
2156 3357 2475 3421 timentes
2507 3377 2675 3422 con-

765 3458 1184 3523 currentium
1243 3458 1544 3540 undique
1595 3458 1959 3539 utriusque
2010 3474 2221 3519 sexus
2277 3457 2669 3522 multitudi-

765 3575 948 3632 nem,
1007 3575 1092 3621 ne
1152 3556 1332 3619 forte
1394 3561 1559 3620 voto
1617 3555 1875 3621 infecto
1936 3556 2342 3637 eriperetur,
2396 3555 2679 3621 facinus·

765 3656 1364 3734 acceleraverunt3
1411 3674 1707 3737 cumque
1762 3674 1941 3719 unus
1990 3675 2081 3718 ex
2134 3654 2239 3718 eis
2288 3656 2671 3721 extendens

762 3755 1070 3819 vibraret
1136 3754 1444 3836 gladium
1506 3755 1583 3819 in
1646 3763 1859 3837 caput
1918 3754 2448 3838 archiepiscopi,
2511 3758 2677 3821 bra-

763 3854 993 3921 chium
1041 3854 1404 3939 cujusdam
1447 3854 1706 3931 clerici,
1734 3855 1857 3936 qui
1889 3854 2249 3918 dicebatur
2278 3854 2671 3921 Edwardus

763 3949 1012 4031 Grim,¹
1067 3956 1212 4019 fere
1257 3955 1553 4020 abscidit
1600 3960 1670 4019 et
1721 3954 1951 4036 ipsum
2006 3953 2269 4035 pariter
2318 3955 2393 4019 in
2438 3957 2667 4039 capite

831 4214 844 4245 ¹
887 4210 1076 4273 θήκῃ]
1114 4210 1340 4261 Edward
1363 4212 1507 4263 Grim
1531 4228 1642 4263 was
1664 4214 1751 4263 the
1769 4212 2117 4275 archbishop's
2140 4214 2504 4266 cross-bearer.
2572 4214 2669 4265 See

758 4281 840 4329 his
861 4282 1114 4331 narrative
1135 4296 1221 4344 ap.
1244 4282 1466 4335 Surium.
