3107 5054
853 494 900 557 6
1343 541 1352 550 .
1588 505 2008 555 onnomoon

855 669 1128 728 scentes
1175 661 1506 738 animum,
1551 679 1641 725 ne
1694 661 1841 726 suis
1889 659 2264 727 bonoribus
2318 658 2759 744 privarentur

861 764 1206 841 timerent,
1239 761 1675 826 venerandus
1716 760 1825 826 vir
1872 760 2313 837 Wulstanus,
2342 759 2759 842 wigornen-

861 863 958 928 sis
1003 864 1390 945 episcopus,
1437 861 1911 944 possessiones
1965 859 2413 942 quamplures
2456 861 2565 924 sui
2610 859 2755 943 epi-

861 971 1192 1046 scopatus
1236 962 1326 1027 ab
1368 960 1678 1025 Aldredo
1722 960 2265 1043 archiepiscopo,
2308 959 2473 1023 dum
2517 978 2564 1022 a
2608 959 2759 1024 Wi-

863 1062 1189 1144 gornensi
1203 1060 1514 1126 ecclesia
1557 1060 1647 1124 ad
1693 1060 2203 1124 Eboracensem
2248 1059 2759 1137 transferretur,

861 1181 992 1226 sua
1041 1161 1353 1245 potentia
1403 1166 1735 1236 retentas,
1790 1179 1949 1243 quae
2000 1178 2087 1224 eo
2122 1166 2289 1224 tunc
2323 1158 2651 1224 defuncto
2682 1158 2756 1222 in

863 1262 1126 1343 regiam
1183 1261 1603 1344 potestatem
1662 1259 2109 1336 devenerant,
2159 1264 2557 1323 constanter
2602 1277 2758 1340 pro-

863 1361 1238 1436 clamabat,
1273 1361 1671 1441 expetebat,
1704 1358 2190 1444 justitiamque
2232 1358 2391 1422 inde
2428 1357 2580 1421 fieri
2615 1364 2758 1422 tam

866 1461 956 1524 ab
1019 1460 1192 1543 ipsis
1255 1459 1377 1541 qui
1436 1457 1734 1524 concilio
1794 1466 2163 1541 praeerant,
2222 1476 2429 1539 quam
2494 1476 2539 1521 a
2602 1475 2763 1540 rege

863 1559 1256 1639 flagitabat.
1375 1556 1477 1623 At
1524 1557 1691 1641 quia
1739 1556 2198 1622 Eboracensis
2256 1556 2569 1633 ecclesia,
2625 1575 2763 1622 non

842 1658 1132 1736 ¹habens
1155 1663 1161 1668 ’
1183 1665 1535 1741 pastorem
1587 1657 1708 1740 qui
1762 1676 1891 1740 pro
1946 1676 2033 1724 ea
2089 1656 2510 1740 loqueretur,
2570 1664 2765 1721 muta

866 1761 1042 1836 erat',
1061 1757 1454 1842 judicatum
1481 1763 1589 1820 est
1622 1764 1703 1821 ut
1744 1757 1901 1839 ipsa
1930 1755 2213 1840 querela
2250 1756 2351 1820 sic
2382 1762 2766 1820 remaneret

867 1876 1254 1940 quousque,
1285 1856 1806 1940 archiepiscopo
1846 1858 1943 1921 ibi
1978 1855 2355 1922 constituto
2384 1857 2504 1938 qui
2546 1855 2764 1920 ecele-

868 1958 1040 2022 siam
1099 1956 1520 2034 defenderet,
1586 1955 1751 2020 dum
1822 1963 2007 2021 esset
2071 1957 2193 2038 qm·
2255 1955 2409 2038 ejus
2468 1954 2765 2039 querelae

869 2056 1340 2138 responderet,
1369 2075 1462 2120 ex
1491 2054 1785 2138 objectis
1838 2062 1911 2120 et
1953 2055 2303 2136 responsis
2342 2061 2579 2138 posset
2620 2055 2762 2120 evi-

870 2155 1146 2220 dentius
1180 2174 1262 2220 ac
1288 2154 1550 2238 justius
1572 2153 1913 2237 judicium
1941 2155 2113 2219 fieri.
2200 2154 2452 2238 Sicque
2482 2161 2649 2218 tunc
2683 2173 2766 2218 ea

871 2255 1156 2338 querela
1185 2255 1272 2319 ad
1308 2261 1585 2336 tempus
1616 2254 1969 2321 remansit.
2075 2254 2209 2318 Die
2246 2261 2478 2318 autem
2510 2252 2762 2318 Pente·

861 2362 1098 2420 costes
1149 2354 1270 2436 [23
1325 2352 1540 2436 Maii]
1592 2373 1719 2418 rex
1771 2355 1957 2436 apud
2010 2352 2499 2418 Windesoram
2558 2371 2764 2417 vene-

871 2454 1090 2518 rando
1146 2453 1512 2517 Baiocensi
1576 2453 1910 2520 canonico
1966 2451 2257 2518 Thomas
2308 2452 2765 2517 Eboracensis

751 2541 812 2619 1¹51-
871 2553 1184 2619 ecclesiae
1243 2552 1949 2637 archiepiscopatum,
2025 2560 2098 2619 et
2170 2552 2560 2620 Walcelino
2640 2569 2767 2617 suo

871 2652 1236 2737 capellano
1287 2651 1793 2718 wintoniensis
1840 2652 2151 2719 ecclesiae
2205 2652 2396 2717 dedit
2441 2651 2769 2736 praesula-

871 2759 1075 2832 tum3
1139 2753 1340 2837 cujus
1387 2751 1596 2836 jussu
1654 2771 1823 2818 mox
1882 2753 1959 2819 in
2025 2753 2327 2817 crastino
2396 2752 2770 2835 praedictus

875 2851 1296 2917 Sedunensis
1341 2851 1705 2935 episcopus
1757 2850 2233 2918 Armenfridus
2278 2852 2617 2936 synodum
2671 2858 2770 2916 te·

876 2952 1052 3028 nuit,
1111 2951 1158 3015 J
1161 2950 1434 3019 ohanne
1505 2958 1579 3015 et
1645 2951 1860 3017 Petro
1932 2951 2239 3035 praefatis
2308 2951 2771 3017 cardinalibus

605 3046 803 3127 gessen„
879 3050 1180 3115 Romam
1251 3050 1571 3115 reversis.
1696 3050 1783 3115 In
1846 3069 1989 3134 qua
2044 3051 2309 3135 synodo
2362 3050 2765 3133 Agelricus¹

545 3128 844 3267 »ωῶὴῶιῖ
813 3180 854 3216 t
871 3149 1086 3215 Suth-
1091 3150 1452 3215 Saxonum
1492 3150 1814 3233 pontifex
1872 3170 2010 3215 non
2060 3150 2388 3240 canonice
2437 3150 2773 3233 degrada-

548 3237 621 3316 {3'
599 3228 744 3317 {222⁰
690 3230 802 3277 ⁶⁹⁰
742 3228 849 3367 3122,
875 3258 1014 3327 tur,
1075 3270 1277 3365 quem
1328 3269 1455 3314 rex
1517 3250 1667 3314 sine
1726 3250 1933 3333 culpa
1984 3270 2149 3315 mox
2202 3233 2390 3334 apud
2441 3250 2770 3315 Mearles-

547 3338 698 3417 :¹1²1
677 3338 794 3427 aff
799 3328 1178 3432 ‘¹'beorge
1158 3350 1234 3413 ιἰι
1271 3350 1589 3415 custodia
1622 3351 1891 3432 posuit.
1938 3351 2225 3415 abbates
2270 3351 2479 3415 etiam
2529 3368 2768 3433 quam-

871 3450 1108 3531 plures
1145 3450 1323 3512 sunt
1379 3447 1761 3529 degradati.
1867 3448 2141 3528 Quibus
2188 3449 2611 3531 degradatis,
2644 3468 2767 3513 rex

873 3549 1019 3611 suis
1073 3546 1476 3629 capellanie,
1528 3545 1818 3612 Arsasto
1864 3546 2482 3631 East·Anglorum,
2517 3556 2589 3613 et
2632 3548 2772 3613 Sti-

877 3648 1110 3727 gando
1175 3646 1750 3711 suth-Saxonum
1818 3646 2007 3713 dedit
2064 3648 2587 3732 episcopatum;
2648 3647 2768 3730 qui

877 3740 1260 3827 Stigandus
1295 3747 1595 3811 mutavit
1622 3747 1855 3811 sedem
1900 3748 1972 3811 in
2004 3747 2407 3826 cicestram,
2456 3747 2772 3813 dioecesis

875 3865 1023 3911 suae
1097 3845 1492 3913 civitatem:
1572 3846 1918 3912 nonnullis
1992 3848 2205 3912 etiam
2282 3847 2774 3912 Normannicis

877 3944 1232 4010 monachis
1286 3945 1478 4010 dedit
1518 3946 1864 4013 abbatias.
1985 3947 2077 4012 Et
2122 3949 2289 4031 quia
2319 3946 2777 4012 Dorubernioe

611 2290 745 2468 ⁹⁶²2}

695 2640 728 2669 :¹⁴
695 2490 754 2619 ξὲβ
697 2391 742 2468 σὺ(

742 2439 782 2518 2⁸0

773 2429 856 2469 ,or

543 2280 644 2568 “2222

601 2341 696 2670 sai-008

588 2481 662 2518 ork
698 2491 724 2518 a

547 2580 627 2670 ss

605 3328 742 3376 dStig

607 3378 675 3419 sel

945 4142 959 4169 ¹
995 4136 1300 4201 Agar-icum]
1352 4138 1454 4187 His
1491 4152 1639 4187 name
1674 4139 1798 4188 does
1849 4141 1998 4187 1057.
2086 4138 2183 4187 See
2205 4137 2303 4189 vol.
2327 4149 2365 4185 1.
2391 4151 2445 4197 p.
2468 4139 2585 4185 214.
2672 4134 2773 4183 His

875 4212 963 4255 not
985 4210 1177 4269 appear
1207 4208 1261 4256 in
1290 4208 1376 4257 the
1409 4209 1500 4257 list
1531 4206 1658 4274 (vol.
1682 4221 1720 4257 1.
1744 4223 1797 4270 p.
1848 4221 2114 4257 successor
2157 4208 2370 4269 Stigand
2415 4210 2550 4254 must
2584 4209 2669 4254 not
2710 4206 2774 4253 be

871 4274 1014 4342 234),
1045 4278 1138 4327 but
1169 4278 1233 4327 he
1256 4277 1534 4328 succeeded
1569 4277 1719 4327 Heca
1746 4279 1799 4327 in
1848 4277 2167 4327 confounded
2188 4277 2316 4327 with
2337 4276 2422 4325 the
2454 4274 2775 4335 archbishop.
