3107 5054
755 450 885 514 152
1247 460 1748 509 con'rmuxmo
1794 458 1885 504 cu
1900 455 2145 504 aomci

759 631 829 688 et
860 620 1138 704 quando
1191 619 1483 694 audivit,
1516 618 1954 682 vehementer
1985 614 2140 677 inde
2174 612 2419 676 doluit.
2525 609 2658 673 Sed

763 723 928 804 quia
1010 719 1490 784 malefactores
1551 717 1735 792 illoS,
1800 715 1919 798 qui
1982 722 2243 776 sanctae
2313 709 2663 774 memoriae

767 821 1338 886 Cantuariensem
1412 816 1751 904 Thomam
1833 813 2426 895 archiepiscopum
2488 810 2665 873 occi-

767 922 1014 984 derunt
1058 918 1311 982 habere
1347 937 1484 984 nou
1516 921 1819 999 poterat,
1851 922 1921 978 et
1952 913 2118 995 quia
2153 912 2441 980 timebat
2472 910 2665 992 ipsos

768 1019 937 1083 illud
969 1017 1334 1102 profanum
1379 1035 1555 1100 opus
1599 1014 2009 1097 impetrasse
2038 1031 2250 1076 causa
2280 1012 2488 1075 animi
2518 1030 2664 1074 mo-

773 1128 884 1184 tus
915 1126 984 1182 et
1017 1117 1434 1181 turbationis
1485 1135 1692 1198 quam
1741 1115 1814 1177 in
1861 1133 1943 1177 eo
1974 1111 2319 1189 viderant,
2347 1112 2432 1174 de
2466 1112 2667 1174 satis-

773 1219 1073 1288 factione
1134 1217 1276 1282 tale
1342 1215 1670 1298 praestitit
1728 1219 2258 1278 sacramentum.
2386 1211 2433 1276 J
2441 1212 2669 1275 uravit

773 1303 1134 1400 imprimiS,
1170 1316 1358 1398 quod
1405 1316 1492 1378 ab
1540 1313 1973 1390 Alexandro,
2016 1331 2287 1376 summo
2322 1311 2668 1392 pontifice,

776 1427 847 1481 et
913 1418 1000 1504 al?
1083 1415 1444 1479 catholicis
1518 1414 2033 1477 successoribus
2108 1432 2246 1475 non
2324 1411 2670 1498 recederet

777 1516 1108 1598 quamdiu
1174 1515 1398 1597 ipsum
1446 1514 1627 1576 sicut
1673 1532 1909 1594 regem
1952 1511 2373 1577 catholicum
2419 1512 2671 1574 babue-

781 1614 941 1678 rint.
1032 1612 1079 1677 J
1085 1613 1318 1678 uravit
1373 1613 1608 1688 etiam,
1658 1611 1843 1694 quod
1897 1630 2121 1694 neque
2169 1611 2671 1694 appellationes

780 1713 1140 1795 impediret
1169 1731 1390 1794 neque
1423 1711 1755 1794 impedire
1791 1713 2242 1794 permitteret,
2265 1711 2433 1792 quin
2462 1711 2673 1776 libere

782 1814 1024 1876 fierent
1056 1814 1124 1876 in
1160 1832 1374 1893 regno
1409 1831 1538 1875 suo
1574 1812 1661 1875 ad
1711 1811 2103 1875 Romanum
2149 1811 2565 1893 pontificem,
2599 1810 2672 1874 in

785 1912 1274 1977 ecclesiasticis
1315 1911 1573 1987 causiS‚
1615 1910 1715 1974 sic
1760 1919 2018 1988 tamen,
2052 1918 2131 1975 ut
2176 1911 2236 1975 si
2278 1912 2343 1974 ei
2372 1910 2676 1992 suspecti

787 2013 1042 2076 suerint
1093 2012 1334 2092 aliqui,
1377 2011 1824 2075 securitatem
1872 2010 2153 2087 faciant,
2189 2010 2370 2092 quod
2419 2010 2675 2072 malum

787 2131 986 2176 suum
1023 2111 1131 2174 vel
1160 2111 1353 2192 regni
1387 2111 1495 2174 sui
1525 2129 1662 2172 non
1699 2116 2041 2191 quaerant.
2131 2109 2412 2175 ,Iuravit
2440 2111 2677 2184 etiam,

789 2211 974 2294 quod
1031 2211 1119 2274 ab
1180 2210 1485 2274 instante
1539 2209 1933 2274 Nativitate
1991 2209 2273 2273 Domini
2330 2229 2549 2292 usque
2605 2209 2677 2272 in

791 2311 1158 2374 triennium
1195 2329 1467 2374 crucem
1508 2310 1875 2392 acciperet,
1911 2309 1982 2370 in
2016 2309 2335 2390 proxima
2364 2310 2681 2390 sequenti

789 2417 1034 2474 aestate
1069 2411 1139 2472 in
1176 2410 1459 2491 propria
1491 2427 1790 2490 persona
1843 2407 2401 2492 Hierosolymam
2432 2409 2680 2484 ituruS,

793 2509 927 2572 nisi
959 2510 1364 2573 remanserit
1390 2527 1514 2592 per
1549 2507 2055 2585 Alexandrum,
2086 2529 2425 2573 summum
2454 2509 2680 2591 ponti-

795 2608 1162 2684 ficem,'vel
1198 2629 1320 2690 per
1347 2608 1725 2673 catholicos
1760 2628 2194 2673 successores
2224 2608 2418 2692 ejus;
2468 2607 2588 2671 sed
2622 2609 2683 2671 si

794 2708 1066 2771 interim
1141 2715 1556 2791 perurgente
1632 2710 2045 2773 necessitate
2118 2710 2189 2771 in
2269 2706 2685 2790 Hispaniam

795 2827 1006 2890 super
1051 2808 1432 2874 Saracenos
1466 2808 1817 2890 profectus
1849 2807 2115 2885 fuisset,
2148 2815 2483 2890 quantum
2514 2816 2687 2871 tem-

797 2908 986 2988 poris
1036 2908 1108 2970 in
1166 2907 1288 2971 illo
1355 2907 1603 2971 itinere
1663 2915 2194 2985 consummaret,
2260 2908 2687 2971 tantumdem

793 3007 1461 3089 Hierosolymitanae
1555 3008 1856 3089 spatium
1937 3006 2379 3089 profectionis
2457 3013 2691 3090 posset

800 3107 1234 3189 prolongare.
1327 3105 1679 3170 Praeterea
1702 3108 1994 3191 juravit,
2018 3107 2202 3188 quod
2233 3108 2507 3171 interim
2538 3116 2691 3170 tan-

787 3214 946 3293 tum
982 3206 1290 3287 pecuniae
1322 3207 1517 3270 daret
1546 3206 1987 3288 Templariis,
2024 3214 2361 3289 quantum
2396 3207 2484 3270 ad
2516 3206 2691 3269 arbi-

803 3307 1010 3370 trium
1061 3304 1352 3370 fratrum
1404 3307 1677 3390 Templi
1734 3307 1957 3389 possit
2016 3306 2326 3370 sufficere
2379 3306 2467 3369 ad
2526 3307 2691 3369 reti-

805 3406 1097 3468 nendum
1136 3422 1242 3469 cc,
1297 3407 1574 3482 militeS,
1625 3406 1711 3468 ad
1771 3404 2231 3469 defensionem
2287 3405 2693 3487 Hierosoly·

803 3505 1082 3566 mitanae
1107 3511 1310 3567 terrae
1334 3525 1458 3587 per
1490 3506 1791 3586 spatium
1829 3506 2033 3569 unius
2066 3506 2250 3569 anni.
2345 3504 2696 3569 Praeterea

805 3603 1211 3684 perdonavit
1241 3604 1412 3666 iram
1437 3613 1507 3667 et
1529 3605 2083 3669 malevolentiam
2118 3624 2315 3669 suam
2350 3605 2694 3681 omnibu8‚

808 3711 945 3766 tam
987 3703 1252 3767 clericis
1286 3723 1490 3786 quam
1540 3704 1760 3780 laicis,
1797 3706 1917 3786 qui
1965 3725 2089 3787 pro
2135 3705 2392 3769 Sancto
2425 3704 2699 3767 Thoma

807 3810 1006 3867 erant
1048 3804 1118 3865 in
1155 3804 1390 3877 exilio,
1427 3811 1496 3867 et
1543 3806 1884 3868 concessit
1936 3806 2034 3868 eis
2085 3804 2299 3869 libere
2326 3812 2396 3869 et
2426 3805 2496 3867 in
2527 3824 2701 3887 pace

809 3902 893 3965 ad
931 3904 1212 3985 propria
1259 3903 1496 3967 redire.
1601 3902 1649 3967 J
1655 3904 1885 3966 uravit
1930 3906 2162 3981 etiam,
2194 3903 2376 3986 quod
2425 3923 2701 3986 posses-

807 4003 1036 4065 siones
1101 4002 1619 4067 Cantuariensis
1684 4003 2018 4080 ecclesiae,
2096 4003 2156 4067 si
2229 4023 2383 4086 quae
2452 4004 2703 4066 ablatae

807 4110 1031 4178 erant,
1076 4102 1147 4165 in
1194 4104 1538 4184 integrum
1594 4104 2013 4179 restitueret,
2050 4106 2230 4167 sicut
2276 4104 2518 4167 habuit
2564 4123 2707 4166 uno

806 4222 988 4265 auno
1026 4211 1400 4284 antequam
1447 4202 1819 4285 praedictus
1848 4204 2413 4286 archiepiscopus
2441 4205 2528 4267 ab
2564 4202 2710 4267 An-
