3107 5054
864 498 1250 548 FLORENTH
1301 498 1861 549 wmonmmtsm.
2185 487 2318 552 215

402 656 697 721 emendo
773 663 845 721 et
890 656 1283 721 vendendo
1355 656 1912 722 Christianorum
1980 656 2314 725 habentes
2333 677 2456 718 aem
2469 676 2572 717 rm

402 764 913 822 mercatorum:
976 763 1047 821 et
1122 756 1305 839 quod
1381 757 1673 840 quilibet
1742 729 2588 841 eorum,cujus-2’1'i¹²01⁰n⁸‘²²⁰⁸

402 875 677 938 cunque
712 857 963 933 aetatis,
1010 864 1263 933 statu&
1297 864 1419 921 aut
1455 876 1692 933 sexuS,
1738 857 1883 940 regi
1917 876 2046 939 pro
2079 859 2308 941 capite

403 976 533 1021 suo
584 964 727 1021 tres
782 956 1103 1021 denarios
1159 956 1358 1021 daret
1411 957 1807 1021 annuatim:
1883 965 1956 1024 et
2007 959 2128 1041 qui
2173 958 2306 1025 hac
2347 1000 2356 1011 ν

401 1055 793 1120 conditione
868 1065 1057 1121 stare
1118 1056 1334 1121 nollet
1408 1064 1574 1121 ante
1630 1056 1908 1122 Pascha
1986 1058 2304 1139 proxime

404 1175 704 1239 sequens
740 1154 857 1242 [14
869 1155 1044 1240 Apr.
1053 1155 1437 1239 ]Angliam
1458 1176 1592 1222 sua
1601 1157 1982 1240 praesentia
1999 1166 2401 1225 vacaret..

404 1256 745 1321 Dominus
811 1276 937 1321 rex
995 1256 1287 1339 protulit
1350 1256 1763 1321 sententiam
1834 1265 2078 1322 contra
2147 1260 2304 1323 bur-
2325 1274 2406 1316 uu
2408 1275 2490 1315 let·

402 1376 653 1439 genses
700 1355 1053 1432 Norwicii,
1085 1356 1269 1439 quod
1308 1356 1630 1423 videlicet
1671 1376 1800 1440 pro
1849 1356 2106 1440 injuria
2149 1378 2301 1423 cor-.-
2323 1376 2399 1415 the
2389 1326 2540 1415 Ροῗιῗῗο
2537 1334 2594 1415 οἳ

402 1457 557 1539 pori
583 1455 844 1521 Christi
867 1456 1065 1521 illata
1086 1456 1433 1539 quoddam
1458 1475 1584 1521 vas
1614 1476 1912 1521 aureum.
1931 1459 2020 1521 ad
2051 1476 2301 1541 corpus
2324 1426 2372 1466 ⁰¹
2388 1426 2454 1499 -Νο
2431 1425 2600 1465 ‘'mid''

398 1556 667 1621 Christi
720 1557 1252 1633 recondendum,
1305 1557 1507 1638 pretii
1565 1574 1626 1620 c.
1677 1556 1857 1634 libr„
1909 1558 2300 1641 sumptibus

400 1657 553 1721 suis
604 1656 925 1721 facerent.
1031 1656 1126 1721 Et
1188 1656 1373 1739 quod
1426 1676 1553 1738 pro
1617 1656 1874 1741 injuria
1930 1660 2300 1723 conventui

400 1756 627 1833 illata,
736 1756 873 1820 tria
972 1756 1189 1820 millia
1296 1774 1684 1820 marcarum
1780 1758 2301 1824 contribuerant

394 1857 682 1934 eisdem,
714 1855 897 1920 infra
924 1856 1327 1920 sexennium
1362 1856 1732 1945 solvenda:
1783 1856 2100 1921 videlicet
2127 1876 2300 1940 quo-

398 1956 574 2021 libet
636 1975 819 2019 anno
879 1956 1295 2038 quingentas
1356 1974 1647 2019 marcas,
1751 1955 1846 2021 Et
1901 1956 2084 2039 quod
2150 1958 2299 2040 epi-

395 2075 652 2138 scopus
707 2057 1095 2137 sumptibus
1152 2056 1594 2137 burgensium
1653 2075 1794 2119 una
1840 2075 1993 2120 cum
2045 2055 2142 2119 eis
2209 2057 2298 2121 ad

394 2156 663 2220 curiam
708 2156 1015 2220 mitteret
1071 2155 1483 2233 Romanam,
1538 2156 1627 2219 de
1688 2174 1860 2238 pace
1909 2155 2142 2220 taliter
2185 2175 2297 2219 or·

396 2256 645 2321 dinata
684 2255 1150 2320 testimonium
1180 2254 1671 2337 perhibiturus,
1763 2255 1857 2319 Et
1907 2254 2094 2337 quod
2133 2273 2298 2319 con-

398 2364 651 2421 ventus
702 2356 993 2438 januam
1047 2373 1245 2420 suam
1311 2373 1450 2437 qua
1510 2354 1768 2419 vellent
1825 2363 2046 2437 parte,
2097 2373 2299 2437 aquae

394 2456 744 2520 duntaxat
775 2464 1094 2538 excepta,
1115 2460 1481 2533 mutarent,
1510 2465 1908 2530 remanente
1930 2454 2102 2520 villa
2123 2474 2297 2538 quo.-
2391 2480 2398 2487 ·

398 2557 489 2621 ad
518 2557 917 2626 libertatum
944 2556 1339 2638 burgalium
1373 2556 1858 2638 privationem,
1881 2555 1959 2619 ·in
1992 2576 2076 2621 eo
2107 2563 2296 2621 statu
2384 2549 2389 2556 ’

398 2657 587 2738 quod
614 2657 748 2722 fuit
774 2657 887 2720 die
920 2675 1058 2739 quo
1091 2674 1219 2720 rex
1250 2663 1449 2738 pater
1470 2655 1676 2721 vivus
1703 2655 1835 2720 fuit
1863 2663 1933 2720 et
1965 2662 2296 2721 mortuus.

398 2757 748 2822 Dedicata
802 2764 911 2823 est
970 2755 1240 2838 capella
1299 2754 1570 2838 prioris,
1623 2755 1698 2819 in
1751 2755 2077 2821 honorem
2133 2774 2296 2819 san-

400 2867 672 2921 ctorum
722 2864 1106 2939 martyrum
1150 2855 1495 2919 Edmundi
1544 2861 1617 2920 et
1666 2854 2020 2938 Stephani,
2076 2873 2121 2918 a
2173 2854 2296 2919 do-

399 2957 588 3020 mino
660 2954 1015 3021 Willelmo
1088 2954 1447 3037 Ragusiae,
1522 2954 1892 3020 Medorum
1958 2954 2295 3038 archiepi-

394 3075 634 3139 scopo,
702 3057 813 3120 die
877 3054 1287 3120 Sanctorum
1353 3055 1831 3119 Innocentium
1897 3054 2018 3136 [28
2062 3055 2295 3136 Dec.].

400 3155 661 3221 Gravis
711 3163 781 3222 et
844 3155 1298 3219 intolerabilis
1353 3155 1542 3218 sacta
1601 3161 1710 3218 est
1753 3154 2032 3218 exactio
2089 3172 2298 3235 super

394 3257 679 3320 decimis
733 3257 806 3319 in
861 3254 1153 3320 concilio
1218 3252 1671 3334 Lugdunensi
1732 3251 2096 3316 concessis.
2187 3250 2297 3315 De

395 3356 593 3420 nulla
644 3355 827 3419 enim
892 3353 1187 3439 alicujus
1244 3353 1606 3417 taxatione
1657 3351 1964 3416 contenti
2021 3350 2299 3414 fuerunt

393 3455 737 3520 dictarum
797 3455 1216 3518 decimarum
1276 3453 1719 3527 collectores;
1789 3452 1999 3516 immo
2065 3469 2290 3514 sacra·

397 3563 633 3620 mento
689 3553 1141 3638 corporaliter
1204 3554 1519 3636 praestito
1573 3552 1660 3616 ad
1706 3571 1946 3617 verum
1995 3549 2298 3615 omnium

396 3663 859 3739 proventuum
904 3673 1181 3719 suorum
1229 3653 1533 3717 valorem
1577 3652 1680 3715 eis
1725 3672 1842 3717 ore
1882 3651 2159 3734 proprio
2201 3651 2296 3715 in·

397 3755 815 3819 sinuandum
848 3774 957 3818 om
968 3772 1087 3817 nes
1130 3753 1275 3817 fere
1318 3759 1390 3816 et
1419 3752 1730 3833 singulos
1770 3750 2297 3832 compellebant.

401 3853 606 3918 Unde
674 3853 943 3918 decima
1001 3852 1338 3935 portionis
1398 3858 1783 3916 conventus
1849 3849 1920 3913 S.
1955 3848 2302 3913 Edmundi
2371 3841 2376 3846 ’

396 3953 530 4020 fuit
586 3970 851 4020 cc.x1,1.
910 3972 1151 4030 marc„
1210 3968 1318 4014 111.
1371 3953 1527 4029 sol„
1564 3968 1660 4014 vl.
1719 3950 1814 4026 d.,
1870 3956 1941 4013 et
1994 3948 2124 4012 hoc
2179 3967 2304 4030 per

392 4061 904 4120 sacramentum
940 4070 1008 4116 v·
1046 4051 1534 4118 monachorum
1584 4051 1672 4114 ad
1724 4049 1872 4113 haec
1915 4048 2305 4130 specialiter

379 4155 801 4239 juratorum.
873 4152 1163 4217 Decima
1192 4151 1529 4235 portionis
1560 4151 1832 4215 abbatis
1867 4148 1998 4213 fuit
2030 4156 2304 4212 centum

387 4254 747 4321 librarum.
856 4251 1083 4336 Ejecti
1118 4258 1277 4316 sunt
1324 4251 1371 4317 J
1377 4251 1558 4315 udaei
1603 4270 1648 4315 a
1693 4248 2149 4330 Cantabrigia
2182 4267 2306 4330 per
2329 4262 2521 4362 Thpefissa
2465 4271 2551 4301 em
