3107 5054
820 443 910 509 ω
1567 454 1987 504 canonicor«

500 637 576 677 n„
658 634 771 674 utor
824 636 941 683 um
994 616 1503 701 episcoporum,
1559 615 1918 691 abbatum,
1969 622 2042 679 et
2099 633 2465 697 procerum
2531 616 2726 697 regni

498 688 575 727 ¹¹²⁷
658 688 767 725 *ω’
828 716 1211 783 Lundoniae
1252 717 1325 781 in
1362 714 1626 798 palatio
1659 714 1846 795 regis
1889 710 2116 779 factus
2145 721 2278 791 est,
2313 722 2385 780 'et
2423 734 2550 797 per
2583 722 2726 780 tres

824 817 998 895 dies,
1036 818 1321 881 absente
1347 812 1684 901 Anselmo
1714 813 2258 897 archiepiscopo,
2288 814 2471 879 inter
2492 834 2724 897 regem

827 925 900 982 et
943 917 1305 1000 episcopos
1340 913 1513 979 satis
1555 922 1790 978 actum
1821 914 1908 977 de
1953 913 2400 979 ecclesiarum
2441 912 2727 979 investi-

829 1016 1027 1093 turis,
1079 1014 1494 1100 quibusdam
1550 1014 1640 1079 ad
1693 1013 1824 1079 boc
1885 1013 2262 1077 nitentibus
2314 1021 2394 1079 ut
2444 1033 2556 1077 res
2607 1033 2726 1079 eas

829 1116 1091 1182 faceret
1118 1134 1311 1181 more
1344 1113 1566 1198 patris
1599 1121 1671 1178 et
1703 1111 1937 1178 fratris
1969 1113 2102 1190 sui,
2129 1132 2267 1176 non
2302 1111 2520 1196 juxta
2548 1132 2728 1196 prae-

830 1225 1109 1299 ceptum
1138 1223 1211 1281 et
1238 1214 1701 1279 obedientiam
1729 1211 2134 1295 apostolici3
2180 1230 2342 1276 nam
2373 1231 2558 1295 papa
2591 1213 2726 1278 Pa-

832 1314 1089 1379 schalis
1131 1313 1203 1379 in
1244 1315 1594 1379 sententia
1637 1330 1794 1394 quae
1825 1311 1986 1376 inde
2023 1311 2467 1394 promulgata
2503 1311 2729 1377 fuerat

834 1414 1075 1478 firmus
1118 1420 1340 1489 stans,
1384 1418 1821 1478 concesserat
1845 1412 2080 1476 omnia
2122 1430 2280 1492 quae
2300 1431 2486 1494 papa
2509 1412 2728 1476 Urba-

836 1532 967 1577 nus
987 1532 1185 1595 aeque
1214 1519 1292 1576 ut
1309 1510 2282 1600 investiturasfinterdixerat:
2329 1530 2416 1575 ac
2443 1530 2568 1593 per
2601 1512 2727 1577 hoc

838 1632 1072 1694 regem
1102 1612 1234 1675 sibi
1264 1611 1350 1675 de
1390 1610 1822 1675 investituris
1867 1617 2407 1675 consentaneum
2448 1611 2726 1677 fecerat.

840 1711 1134 1789 Dehinc,
1178 1717 1512 1793 praesente
1546 1707 1902 1787 Anselmo,
1945 1716 2221 1774 astante
2273 1709 2730 1791 multitudine,

838 1811 1086 1875 annuit
1134 1830 1259 1875 rex
1306 1818 1377 1874 et
1426 1809 1700 1885 statuit,
1751 1817 1832 1875 ut
1873 1810 1962 1873 ab
2014 1829 2097 1873 eo
2145 1817 2456 1890 tempore
2503 1810 2578 1874 in
2629 1831 2729 1875 re-

832 1910 1128 1992 liquum,
1160 1928 1513 1992 nunquam
1549 1928 1674 1991 per
1703 1908 2052 1973 dationem
2089 1908 2318 1973 baculi
2359 1910 2731 1991 pastoralis

835 2009 951 2074 vel
994 2009 1233 2074 annuli
1271 2009 1638 2091 quisquam
1690 2008 1775 2073 de
1823 2008 2228 2091 episcopatu
2274 2016 2398 2072 aut
2448 2009 2732 2074 abbatia

838 2128 963 2191 per
1038 2128 1272 2190 regem
1332 2107 1445 2175 vel
1518 2109 1898 2191 quamlibet
1973 2108 2224 2171 laicam
2299 2126 2580 2171 manum
2661 2110 2730 2172 in

837 2207 1101 2290 Anglia
1120 2208 1600 2288 investiretur;
1637 2207 2052 2273 concedente
2073 2227 2349 2289 quoque
2374 2205 2730 2285 Anselmo,

838 2314 917 2371 ut
970 2307 1203 2371 nullus
1256 2308 1330 2374 in
1393 2308 1868 2390 praelationem
1917 2306 2180 2371 electus
2239 2325 2365 2388 pro
2427 2307 2730 2372 hominio

842 2406 1028 2487 quod
1072 2407 1218 2488 regi
1251 2407 1534 2482 faceret,
1564 2408 2080 2471 consecratione
2119 2406 2424 2488 suscepti
2452 2406 2730 2473 honoris

516 2523 706 2566 aarum!
720 2522 815 2571 abp-
843 2505 1255 2588 privaretur.
1378 2504 1734 2572 Gerardus
1770 2507 2230 2571 Eboracensis
2273 2506 2732 2590 archiepisco-

514 2576 563 2615 οἱ
580 2574 698 2614 York
712 2583 808 2622 pro-

510 2625 769 2724 sseffiffi
846 2624 977 2689 pus
1016 2625 1145 2670 sua
1190 2615 1423 2670 manu·
1443 2606 1770 2687 imposita
1825 2606 2058 2670 manui
2113 2605 2449 2685 Anselmi,
2475 2615 2558 2672 ut
2581 2608 2730 2690 ipse

516 2725 741 2766 ommam
758 2732 803 2768 ω
846 2704 1147 2783 volebat,
1198 2705 1609 2787 interposita
1665 2706 1800 2771 fide
1857 2725 2012 2784 sua,
2066 2705 2416 2789 pollicitus
2474 2713 2605 2784 est,
2655 2729 2730 2772 se

515 2776 791 2878 &ix-⁰123„
845 2804 1127 2868 eandem
1162 2804 1660 2888 subjectionem
1701 2813 1772 2870 et
1803 2806 2263 2871 obedientiam
2291 2807 2425 2889 ipsi
2471 2814 2544 2871 et
2571 2825 2726 2873 suc-

842 2904 1228 2969 cessoribus
1276 2903 1428 2988 ejus
1468 2905 1541 2967 in
1592 2905 2190 2989 archiepiscopatu
2237 2905 2726 2987 exhibiturum,

844 3021 1050 3084 quam
1091 3001 1584 3089 Herefordensi
1613 3004 1921 3068 ecclesiae
1950 3007 2036 3069 ab
2065 3023 2150 3072 eo
2181 3006 2560 3070 sacrandus
2591 3006 2728 3088 epi-

515 3120 815 3211 cffifgnflm
842 3120 1095 3184 scopus
1138 3103 1239 3166 illi
1283 3102 1717 3185 promiserat.
1822 3104 2214 3188 Willelmus
2243 3103 2730 3182 Wintoniensi,

513 3181 567 3268 ⁰.
670 3183 758 3222 ‘'p“
842 3201 1165 3285 Rogerus
1229 3203 1804 3286 Searesbyriensi,
1871 3203 2324 3285 Reignelmus
2398 3204 2728 3270 Hei-efor-

838 3302 1057 3381 densi,
1101 3302 1494 3369 Willelmus
1549 3302 2019 3380 Excestrensi,
2063 3312 2132 3366 et
2184 3303 2510 3368 Urbanus
2558 3304 2729 3369 Gla-

838 3403 1261 3483 morgatensi
1300 3402 1632 3478 ecclesiae,
1670 3421 1827 3484 quae
1876 3403 1949 3464 in
1977 3402 2308 3466 Walonia
2357 3412 2488 3480 est,
2530 3405 2731 3470 electi

838 3501 1168 3583 episcopi,
1203 3501 1408 3564 simul
1460 3500 1927 3564 Cantwariam
1982 3509 2341 3579 venerunt,
2386 3503 2573 3566 etin
2617 3504 2730 3568 die

840 3597 1229 3674 Dominica‚
1262 3620 1419 3681 quae
1464 3599 1600 3664 fuit
1630 3617 1739 3664 111.
1785 3600 1941 3664 idus
1989 3600 2298 3684 Augusti
2331 3603 2447 3683 [11
2484 3600 2730 3685 Aug.],

836 3697 1097 3778 pariter
1125 3699 1237 3762 ab'
1259 3697 1594 3764 Anselmo
1629 3702 2013 3765 consecrati
2058 3710 2246 3777 sunt,
2278 3702 2730 3766 ministranti-

834 3799 964 3862 bus
1006 3798 1137 3863 sibi
1184 3799 1258 3862 in
1301 3799 1431 3866 hoc
1476 3797 1700 3864 officio
1747 3800 2202 3883 suffraganeis
2247 3801 2466 3883 ipsius
2521 3803 2729 3879 sedis,

836 3895 1173 3975 Gerardo,
1210 3900 1497 3976 scilicet,
1529 3899 2051 3990 archiepiscopo
2082 3899 2730 3988 Eboracensi,flRot-

831 3998 1026 4061 berto
1048 3999 1492 4075 Lincoliensi,
1511 3999 1559 4064 J
1564 3999 1830 4064 ohanne
1851 4000 2321 4078 Bathoniensi,
2339 4001 2732 4066 Hereberto

833 4095 904 4158 N
909 4097 1370 4174 orthwicensi,
1419 4099 1764 4163 Rotberto
1829 4097 2202 4176 Cestrensi,
2248 4100 2558 4165 Radulfo
2613 4101 2728 4164 Ci-

828 4198 1181 4274 cestrensi,
1286 4197 1709 4281 Rannulpho
1805 4198 2330 4264 Dunholmensi.
2467 4199 2728 4266 Nullus
