3107 5054
890 460 1023 527 202
1386 472 1888 523 cou‘rmuxno
1933 470 2288 521 canonici

568 652 709 694 natu·
725 653 775 693 οι
998 626 1329 708 Karolus,
1357 648 1483 695 rex
1528 626 1810 707 Siciliae,
1845 636 1916 695 et
1957 628 2171 695 frater
2215 628 2402 710 regis
2449 626 2791 703 Franciae,

568 704 832 744 ”mmm
892 730 1235 813 pugnavit
1269 736 1511 795 contra
1544 728 1944 794 conradum
1992 728 2178 811 apud
2211 728 2690 795 Beneventum
2718 726 2791 789 in

894 828 1179 913 Apulia,
1230 837 1303 895 et
1356 835 1773 895 consecutus
1823 837 1933 893 est
1981 827 2366 905 victoriam,
2417 827 2660 906 vigilia
2716 826 2786 891 S.

897 927 1393 995 Bartholomaei
1432 923 1562 1017 [23
1579 923 1830 1017 Aug.].
1913 928 2000 991 In
2021 947 2160 1011 quo
2191 927 2520 994 conflictu
2543 926 2789 990 habuit

898 1028 1261 1093 Conradus
1292 1024 1447 1093 X—v‘l'.
1478 1028 1950 1104 loricatorum,
1978 1035 2051 1092 et
2083 1026 2391 1093 Karolus
2423 1022 2556 1093 Tffi.

568 1152 755 1194 uenam
996 1128 1161 1195 Hoc
1196 1146 1377 1193 auno
1422 1128 1838 1195 auctoritate
1881 1128 2076 1209 regia
2116 1127 2512 1209 diriguntur
2554 1124 2784 1189 clerici

568 1201 827 1303 ffiffssf
894 1246 1023 1313 per
1092 1244 1331 1293 omnes
1406 1227 1847 1310 episcopatus
1899 1226 2180 1309 Angliae
2243 1226 2332 1291 ad
2399 1224 2664 1291 taxand
2673 1244 2782 1287 um

895 1327 1127 1391 omnia
1163 1328 1343 1393 bona
1377 1326 1788 1410 temporalia
1823 1334 1898 1392 et
1934 1327 2322 1409 spiritualia
2359 1326 2577 1391 totius
2620 1324 2782 1389 cleri

894 1425 1291 1509 Anglicani,
1349 1426 1726 1493 secundum
1779 1445 2017 1491 verum
2079 1426 2411 1503 valorem,
2467 1425 2780 1506 exceptis

891 1526 1094 1590 bonis
1123 1526 1678 1609 Templariormn
1719 1534 1792 1590 et
1823 1526 2409 1602 cisterciensium,
2435 1543 2560 1608 per
2593 1524 2780 1588 aesti-

892 1626 1265 1691 mationem
1308 1626 1730 1708 plebeiorum
1775 1626 1864 1689 ad
1915 1625 2046 1691 hoc
2085 1633 2514 1690 vocatorum.
2621 1622 2780 1702 Quo

890 1734 1200 1810 peracto,
1238 1744 1477 1791 omnes
1522 1725 1854 1809 episcopi,
1895 1725 2151 1807 singuli
2200 1745 2327 1808 pro
2372 1724 2778 1806 episcopatu

892 1842 1049 1903 suo,
1092 1845 1249 1892 cum
1292 1844 1457 1907 rege
1501 1832 2056 1908 composuerunt.
2164 1824 2364 1889 Unde
2409 1824 2777 1906 episcopus

898 1924 1393 2002 Norwicensis,
1421 1945 1549 2008 pro
1591 1926 1993 2007 episcopatu
2038 1943 2168 1989 suo
2206 1944 2362 1989 cum
2395 1942 2558 2005 rege
2587 1942 2774 1988 com-

896 2044 1182 2106 ponenS,
1232 2044 1359 2108 pro
1406 2024 1672 2091 decima
1713 2024 2008 2089 duorum
2052 2041 2390 2088 annorum
2442 2023 2776 2100 finalium,

894 2125 1385 2189 monasterium
1441 2124 1654 2188 etiam
1697 2124 1884 2189 beati
1935 2123 2258 2206 martyris
2303 2122 2653 2187 Edmundi
2705 2122 2774 2185 in

893 2223 1210 2306 pactione
1238 2234 1369 2291 sua
1405 2224 1705 2306 recepit3
1753 2224 2006 2289 abbate
2050 2230 2286 2289 tamen
2323 2229 2395 2286 et
2429 2229 2773 2287 conventu

890 2342 1101 2404 super
1153 2324 1283 2389 hoc
1326 2324 1519 2405 prius
1567 2323 1966 2405 requisitis3
2009 2330 2083 2388 et
2136 2323 2297 2387 licet
2345 2322 2476 2387 hoc
2531 2328 2775 2403 contra

892 2422 1281 2498 libertatem
1344 2422 1513 2487 dicti
1576 2422 1980 2487 monasterii
2037 2422 2390 2487 videretur
2449 2421 2775 2499 existere,

888 2529 1121 2586 tamen
1152 2530 1438 2606 propter
1462 2521 1862 2590 dilationem
1890 2522 2220 2605 temporis
2249 2541 2460 2606 quam
2490 2530 2777 2605 possent

890 2622 1242 2704 consequi,
1289 2630 1361 2688 et
1406 2623 1614 2686 etiam
1661 2623 1828 2705 quia
1877 2623 2160 2688 liberius
2205 2629 2453 2688 ‘contra
2503 2623 2773 2705 episco-

888 2721 1083 2804 pales
1140 2729 1504 2788 exactores
1555 2741 1764 2805 quam
1832 2729 2080 2786 contra
2140 2722 2410 2805 regales
2461 2722 2776 2788 valerent

889 2821 1243 2899 cavillare,
1294 2823 1525 2904 potius
1593 2821 2102 2905 episcopalibus
2163 2841 2372 2904 quam
2420 2823 2774 2902 regalibus

887 2927 1056 2984 tunc
1084 2921 1409 3003 temporis
1432 2921 1934 3003 praeelegerunt
1959 2921 2390 3004 respondere.
2495 2922 2592 2986 Et
2612 2923 2776 2988 licet

887 3038 1027 3084 nou
1062 3019 1194 3084 nisi
1221 3038 1345 3100 per
1390 3020 1740 3085 biennium
1783 3021 2010 3085 clerus
2049 3020 2136 3084 de
2180 3021 2462 3086 decimis
2491 3041 2774 3104 respon·

887 3119 1049 3184 dere
1078 3119 1428 3196 deberent,
1462 3121 1632 3202 quia
1676 3120 1762 3184 de
1804 3120 2027 3203 primo
2067 3138 2250 3185 anuo
2293 3120 2775 3188 decimationis

877 3219 1031 3304 jam
1096 3218 1602 3296 satisfecerant,
1669 3226 1902 3284 tamen
1975 3219 2162 3284 ultro
2231 3239 2308 3284 se
2373 3221 2776 3286 obtulerunt

885 3321 1211 3404 episcopo
1241 3319 1541 3386 decimas
1574 3337 1737 3383 suas
1769 3338 1846 3382 se
1877 3318 2161 3383 daturos
2201 3320 2412 3384 etiam
2451 3320 2538 3384 de
2567 3321 2774 3385 tertio

885 3438 1068 3483 anno
1098 3427 1257 3500 post
1284 3420 1633 3484 biennium
1676 3419 1868 3501 prius
1907 3436 2348 3499 concessum3
2393 3418 2522 3484 tali
2565 3427 2773 3500 pacto

886 3523 964 3578 ut
1000 3517 1074 3579 in
1114 3517 1517 3582 decimando
1561 3518 1936 3584 secuudum
1982 3519 2413 3584 taxationem
2447 3519 2770 3598 walteri,

884 3614 1230 3698 quondam
1298 3615 1769 3682 Norwicensis
1837 3617 2164 3700 episcopi,
2229 3618 2534 3682 decimas
2608 3637 2772 3685 suas

883 3722 1166 3798 possent
1214 3717 1691 3796 contribuere;
1775 3717 1960 3800 quod
2011 3724 2082 3782 et
2136 3716 2393 3784 factum
2447 3727 2572 3784 est.
2683 3718 2770 3782 Et

882 3823 1165 3899 propter
1226 3814 1405 3881 hanc
1478 3834 1761 3880 causam
1827 3824 2211 3882 conventus
2280 3816 2352 3882 S.
2425 3817 2772 3883 Edmundi

882 3917 1065 3980 bona
1082 3934 1210 3980 sua
1233 3935 1277 3979 a
1298 3915 1483 3979 dicto
1506 3915 1838 3998 episcopo
1854 3916 2045 3998 prius
2065 3924 2316 3980 taxata
2340 3903 2770 3980 triennaliter

880 4014 1419 4092 decimaverunt,
1469 4021 1539 4078 et
1581 4033 1700 4079 eas
1743 4015 2069 4098 episcopo
2127 4014 2560 4080 Norwicensi
2607 4035 2766 4080 con-

884 4115 1215 4178 tulerunt.
1308 4113 1583 4178 Caetera
1618 4122 1850 4178 autem
1893 4115 2081 4179 bona
2123 4133 2254 4178 sua
2295 4135 2338 4178 a
2395 4116 2580 4179 dicto
2627 4116 2766 4198 epi-

876 4209 1090 4296 scopo
1120 4213 1236 4280 W.
1263 4233 1615 4296 nunquam
1655 4221 1900 4288 taxata
1927 4215 2307 4302 secundum
2340 4215 2764 4281 taxationem
