3107 5054
1142 495 1487 543 PREFAGE.
2165 502 2208 543 X
2221 502 2258 545 V

872 974 1485 1050 ILLUs'rmssmo
1528 976 1726 1037 VIRO

485 1155 572 1219 D.
644 1152 1462 1219 GULIHELMO
1546 1155 2140 1235 CECIL10‚

792 1315 1093 1375 BARON
1098 1317 1126 1375 1
1166 1316 1287 1375 DE
1330 1316 1830 1390 BURGLEGH‚

354 1463 556 1505 ΒῸΉΜΟ
590 1462 823 1503 ANGLIAE
859 1462 1288 1517 manuninum,
1331 1462 1690 1506 Pmomus
1717 1466 1956 1507 ommno
1983 1466 2262 1509 GARTBRII

486 1543 685 1591 EQUI’I'I
725 1542 971 1597 Aunsso,
1014 1542 1203 1583 8361AE
1244 1542 1563 1584 MAJEswA'H
1601 1544 1642 1585 A
1681 1545 2124 1589 smfflnomnus

649 1622 946 1675 CONSILIIS,
988 1621 1060 1661 Ao
1100 1621 1616 1665 OANTABRIGOENSIS
1655 1624 1970 1666 AOADBMIAE

779 1700 1176 1742 oANoBmaAB-Io
1217 1701 1569 1757 Mamaeum,
1611 1704 1837 1747 Domo

999 1781 1105 1822 SUO
1146 1781 1632 1823 Honomnssnm.

458 1933 630 1997 cum
670 1951 915 2015 nuper,
951 1932 1059 1995 vir
1101 1928 1662 2011 honoratissime,
1696 1931 2014 1997 nonnulli
2050 1951 2257 1999 vene·

356 2032 595 2095 randae
662 2030 1101 2114 antiquitatis
1166 2030 1648 2109 admiratores,
1712 2032 1880 2095 mihi
1940 2032 2258 2115 cupidius

354 2132 722 2209 instarent,
777 2138 855 2195 ut
885 2130 1069 2195 hunc
1120 2130 1430 2195 libellum
1482 2131 1670 2214 apud
1729 2150 1840 2197 me
1899 2131 2256 2207 latentem,

357 2249 499 2293 non
552 2238 695 2295 tam
752 2230 1026 2312 quidem
1074 2229 1260 2313 stylo
1312 2236 1599 2307 tersum,
1644 2249 1727 2293 ac
1771 2230 2086 2295 oratione
2136 2250 2256 2311 po-

356 2330 580 2406 litum,
626 2349 837 2412 quam
882 2330 1169 2394 inventu
1227 2346 1459 2392 rarum
1512 2337 1586 2393 et
1642 2328 1826 2393 lectu
1872 2327 2256 2411 jucundum

358 2429 705 2511 divulgari
759 2434 1055 2511 pateret,
1112 2428 1316 2491 nimis
1372 2426 1823 2493 inhumanum
1889 2426 2260 2493 videbatur

358 2536 503 2593 tam
534 2548 811 2612 aequum
840 2529 1321 2612 flagitantibus
1349 2547 1487 2592 non
1518 2547 1848 2604 annuere,
1871 2529 2258 2609 praesertim

356 2647 515 2692 cum
581 2629 861 2711 publica
920 2628 1297 2692 multorum
1364 2626 1660 2704 utilium,
1725 2627 2019 2708 privatae
2081 2647 2256 2692 meae

356 2727 574 2792 solius
618 2728 965 2810 voluptati
1000 2727 1245 2792 merito
1285 2727 1383 2790 sit
1422 2726 1874 2808 praeferenda.
1980 2725 2254 2791 Horum

356 2827 701 2908 precibus,
736 2845 913 2909 quas
958 2845 1085 2910 pro
1129 2825 1469 2909 postulati
1513 2825 1846 2908 aequitate
1889 2825 2256 2908 repudiare

356 2946 497 2991 non
530 2924 764 3003 debui,
808 2933 879 2991 et
926 2944 1053 3008 pro
1103 2924 1632 2990 necessitudinis
1671 2923 1950 2988 vinculo
1995 2923 2256 2991 diutius

356 3025 704 3090 sustinere
730 3044 870 3089 non
904 3025 1126 3108 potui,
1152 3024 1305 3107 jam
1339 3024 1622 3088 tandem
1657 3024 1886 3089 victus
1921 3025 2254 3089 concessi.

357 3124 660 3206 Jamque
728 3124 922 3207 operi
978 3143 1020 3188 e
1084 3124 1389 3188 tenebris
1458 3123 1533 3186 in
1604 3123 1829 3188 lucem
1893 3123 2255 3205 proditum

354 3231 694 3305 patronus
760 3222 1003 3288 defuit.
1108 3222 1308 3287 Unus
1365 3221 1779 3287 occurrebas
1837 3240 1922 3284 eo
1975 3222 2256 3286 nomine

353 3323 670 3404 inprimis
733 3322 1005 3405 dignus.
1153 3321 1316 3386 Hoc
1391 3321 1608 3402 igitur
1679 3319 2255 3401 qualitercunque

354 3422 811 3498 elaboratum,
862 3421 1110 3485 umbra
1159 3428 1301 3485 tuae
1359 3417 1856 3502 amplitudinis,
1918 3424 2256 3501 tanquam

352 3520 691 3602 praecipui
722 3521 1079 3586 literarum
1115 3519 1544 3594 MaecenatiS,
1568 3525 1806 3600 tegere
1833 3537 2046 3582 ausus
2075 3537 2253 3595 sum,

353 3627 503 3683 tum
552 3621 643 3684 ob
694 3620 1185 3684 solidissimum
1236 3625 1433 3683 tuum
1482 3617 1560 3682 in
1603 3617 1848 3682 iisdem
1884 3616 2252 3700 judicium,

354 3726 509 3782 tum
573 3725 859 3801 propter
924 3709 1254 3784 eximium
1316 3737 1646 3794 amorem,
1708 3736 1850 3798 quo
1905 3716 1976 3782 id
2032 3735 2252 3797 genus

349 3817 570 3882 studii
644 3817 952 3883 fautores
1012 3818 1341 3900 prosequi
1415 3835 1688 3897 semper
1753 3817 2082 3896 dignatus
2147 3833 2252 3879 es,

352 3915 427 3979 N
428 3936 509 3980 ee
575 3915 820 3982 dubito
888 3917 1058 3999 quin
1120 3936 1247 4000 pro
1311 3922 1435 3980 tua
1507 3915 1717 3979 solita
1777 3920 1851 3977 et
1911 3913 2254 3992 singulari

344 4014 690 4092 bonitate,
757 4035 916 4098 quae
988 4015 1159 4080 mihi
1232 4034 1586 4097 nunquam
1649 4012 1890 4089 defuit,
1958 4018 2254 4076 conatus

344 4114 560 4178 hosce
592 4133 781 4178 meos
808 4114 883 4178 in
919 4113 1166 4180 alienis
1194 4113 1455 4195 vigiliis
1487 4112 1795 4188 edendiS,
1833 4130 2043 4192 quum
2081 4109 2252 4174 nihil

344 4213 639 4295 dignum
686 4214 929 4290 ocuIiS,
977 4215 1261 4296 dignum
1307 4213 1590 4278 auribus
1637 4212 1777 4276 tuis
1823 4229 1973 4274 meo
2021 4209 2254 4273 Marte
