3107 5054
835 502 1219 551 nonum-11
1276 503 1839 553 wmonmnnsns.
2158 490 2290 555 22¹7

380 659 471 724 de
490 657 825 737 Audelee,
856 668 927 725 et
954 661 1191 745 plures
1224 661 1345 727 alii
1376 680 1533 727 cum
1563 661 1704 726 illis
1731 663 1803 726 in
1831 660 2288 741 Nordwallia,

376 760 645 843 absque
702 761 939 844 aliquo
992 762 1449 827 Wallensium
1501 762 1936 839 detrimento,
1997 762 2281 847 quidam

379 859 712 942 fugiendo
769 859 972 944 aquis
1022 861 1387 944 intercepti
1444 869 1515 927 et
1577 862 1938 937 submersi,
1997 862 2282 945 quidam

377 960 777 1025 ceciderunt
806 960 1061 1043 gladio.
1129 960 1507 1044 Rebusque
1537 961 1752 1043 igitur
1779 960 1882 1027 sic
1914 981 1991 1026 se
2023 962 2284 1031 haben·
2303 974 2514 1076 gfff-²531„

380 1058 594 1138 tibus,
648 1060 1063 1136 Lewelinns‚
1115 1060 1435 1144 princeps
1486 1060 1792 1139 Wallioe,
1843 1078 1942 1126 lv,
1995 1060 2083 1127 id.
2138 1063 2280 1127 De·
2520 1055 2531 1066 ’

378 1161 601 1226 cemb.
663 1158 782 1245 [10
830 1156 1067 1245 Dec.],
1100 1158 1275 1226 feria
1324 1168 1555 1238 sexta,
1600 1162 1690 1224 ab
1736 1160 2049 1225 exercitu
2095 1161 2278 1243 regis

379 1256 659 1341 Angliae
686 1260 759 1323 in
794 1258 1207 1325 Suthwallia
1246 1260 1694 1344 interceptae,
1730 1260 1878 1327 vita
1911 1261 2277 1345 capiteque

376 1357 696 1439 privatus
747 1366 897 1423 est:
942 1357 1142 1444 cujus
1188 1368 1400 1443 caput
1455 1360 1527 1423 in
1566 1360 1872 1425 crastino
1905 1360 1995 1425 ad
2039 1380 2274 1443 regem

376 1457 451 1521 in
521 1458 1025 1525 Nordwalliam
1101 1466 1210 1525 est
1281 1459 1580 1537 illatum,
1642 1460 1763 1542 qui
1813 1458 2051 1525 statim
2103 1460 2274 1525 illud

378 1558 719 1624 exercitui
763 1577 893 1624 suo
926 1557 999 1623 in
1032 1557 1431 1643 Angleseye
1470 1560 1926 1626 commoranti
1968 1559 2276 1627 destina-

378 1657 524 1736 vit3
608 1658 809 1742 cujus
872 1665 1245 1741 conspectu
1318 1657 1596 1724 satiatis
1673 1657 2274 1742 Anglesiensibus,

372 1758 615 1821 statim
686 1757 1061 1823 Londoniae
1118 1757 1375 1841 jussit¹
1425 1758 1802 1842 deportari.
1923 1759 2012 1823 In
2073 1759 2274 1842 cujus

374 1848 791 1935 occursum,
826 1858 900 1923 in
952 1860 1259 1923 crastino
1314 1858 1384 1922 S.
1417 1858 1706 1923 Thomae
1765 1856 2088 1940 Apostoli
2155 1856 2274 1943 [22

376 1954 617 2042 Dec.],
651 1964 986 2023 exeuntes
1036 1956 1578 2036 Londonienses,
1607 1978 1764 2023 cum
1802 1958 1988 2023 tubis
2017 1965 2089 2022 et
2117 1976 2271 2023 cor-

374 2055 602 2133 nibus,
664 2056 836 2121 illud
894 2076 1019 2139 per
1090 2074 1329 2121 omnes
1394 2058 1588 2123 vicos
1659 2056 2040 2123 Londoniae
2113 2077 2270 2121 cum

373 2155 703 2237 clangore
749 2156 1046 2223 mirabili
1088 2156 1593 2223 conduxerunt.
1697 2156 1856 2237 Quo
1889 2156 2100 2233 facto,
2127 2158 2270 2221 col-

377 2253 675 2337 listrigio
724 2275 856 2322 suo
884 2262 1033 2321 toto
1078 2256 1267 2321 illius
1299 2256 1439 2321 diei
1482 2256 1756 2321 residuo
1798 2256 1970 2321 illud
2009 2255 2268 2321 defixe-

374 2363 585 2435 runt3
637 2355 1257 2440 advesperascente
1290 2376 1457 2422 vero
1484 2356 1622 2433 die,
1653 2356 1742 2420 ad
1771 2355 2048 2419 Turrim
2081 2355 2270 2421 Lon·

374 2452 603 2518 doniae
678 2464 785 2521 est
855 2456 1319 2540 deportatum,
1401 2464 1473 2521 et
1550 2456 1624 2522 in
1703 2456 1984 2521 excelsa
2071 2455 2268 2519 trabe

374 2554 811 2620 transfixum.
915 2555 1185 2639 Corpus
1240 2575 1407 2622 vero
1445 2555 1802 2640 principis,
1831 2562 2152 2622 truncum
2195 2563 2268 2620 et

373 2653 705 2733 lacerum,
788 2657 862 2722 in
948 2655 1231 2720 abbatia
1320 2654 1407 2720 de
1498 2655 1762 2720 Cunnir
1845 2653 1933 2719 de
2027 2655 2266 2720 ordine

374 2751 813 2820 cisterciensi
874 2764 987 2820 est
1032 2754 1405 2838 sepultum.
1511 2754 1772 2819 Piratae
1833 2753 2115 2836 quidam
2177 2753 2265 2818 de
2289 2764 2546 2866 1²„thss

372 2852 656 2919 Selland
740 2863 810 2922 et
888 2854 1229 2932 Holland,
1300 2855 1487 2920 circa
1572 2852 2118 2920 Gernemutham
2193 2860 2266 2918 et
2288 2866 2462 2966 3323&

374 2952 761 3032 Donewic,2
839 2955 1275 3038 tyrannidem
1376 2961 1784 3020 exercentes
1872 2953 2264 3036 piraticam,

370 3071 803 3136 quaecunque
872 3055 1003 3118 sibi
1066 3054 1426 3120 obviantia
1481 3053 2088 3137 depraedabantur,
2138 3052 2263 3116 ho-

368 3152 593 3218 mines
652 3153 1116 3232 trucidabant,
1178 3172 1391 3218 naves
1455 3152 1823 3217 nonnullas
1877 3171 2036 3232 cum
2099 3171 2264 3216 con-

370 3253 581 3316 tentis
654 3271 887 3318 secum
962 3253 1421 3318 abduxerunt.
1544 3250 1966 3328 Florentiae,
2036 3268 2264 3314 comes

371 3351 795 3428 Hollandiae,
837 3353 913 3418 in
961 3353 1291 3418 ultionem
1339 3351 1582 3418 mortis
1638 3349 1997 3427 Willelmi,
2042 3349 2263 3432 patris

366 3452 503 3530 sui,
533 3451 791 3518 dudum
826 3472 871 3520 a
907 3452 1339 3518 Frisionibus
1365 3451 1735 3527 interfecti,
1761 3456 1835 3514 et
1861 3447 2042 3514 inter
2073 3448 2263 3531 ipsos

365 3549 824 3632 ignominiose
876 3552 1155 3634 sepulti,
1214 3551 1517 3634 gloriose
1571 3549 2023 3634 triumphans,
2064 3549 2262 3632 quin-

366 3649 589 3714 decim
644 3652 863 3717 millia
932 3653 1326 3717 Frisionum
1387 3650 1759 3727 interemit,
1815 3648 2264 3732 nonnullique

365 3757 557 3814 metu
590 3752 863 3816 comitis
898 3752 1196 3835 patriam
1234 3751 1628 3817 deserentes
1674 3755 2264 3830 spontaneumque

368 3849 655 3915 exilium
696 3852 1100 3930 subeuntes,
1139 3850 1228 3914 ad
1260 3850 1401 3914 alia
1430 3869 1505 3914 se
1539 3848 1698 3913 loca
1725 3847 2005 3912 diversa
2038 3854 2261 3910 trans-

364 3949 702 4017 tulerunt.
807 3949 1079 4034 Corpus
1137 3951 1352 4033 igitur
1412 3948 1635 4033 patris
1693 3947 1802 4012 sui
1860 3945 2045 4027 apud
2111 3945 2262 4009 Fri-

361 4049 621 4128 siones,
673 4051 917 4131 paucis
976 4049 1254 4114 arbitris
1318 4048 1615 4130 inglorie
1672 4045 2116 4121 tumulatum,
2173 4044 2263 4108 ad

430 4197 447 4228 ⁸
481 4203 695 4266 ὄνυξι]
718 4205 835 4255 MS.
859 4207 1081 4267 jussum.
1409 4197 1433 4228 ²
1468 4200 1840 4252 Gememutham
1887 4202 1937 4247 et
1991 4198 2266 4262 D'onewic]

1346 4271 1621 4321 Yarmouth
1643 4271 1744 4320 and
1767 4269 2044 4319 Dunwich.

1907 4367 2006 4412 02
