3107 5054
844 498 933 563 50
1577 508 1996 558 cmtomcon

543 690 663 731 ω).
684 690 800 731 non.
952 664 1409 747 supradictus
1462 682 1694 729 comes
1751 664 2136 729 Rotbertus
2207 664 2294 731 do
2359 664 2746 739 Beleasmo,

523 758 817 857 ssg?””'⁸·
853 765 974 847 qui
1020 764 1425 833 comitatum
1472 764 1684 829 etiam
1735 763 2178 829 Pontivensis
2215 766 2379 847 pagi
2435 766 2619 829 rexit
2669 782 2752 826 eo

525 856 828 949 ffi'ssffgkhm,
854 874 1186 947 tempore,
1257 883 1342 929 ac
1415 864 1487 927 in
1565 863 1636 928 N
1639 864 1998 928 ermannia
2074 865 2368 929 castella
2441 862 2754 947 possedit

854 964 1389 1047 quamplurima,
1440 963 1796 1031 civitatem
1851 963 2485 1048 Serobbesbyriam,
2531 970 2603 1028 et
2637 982 2750 1027 ea-

852 1065 1128 1131 stellum
1182 1065 1255 1129 in
1300 1083 1385 1131 ea
1422 1064 1658 1139 situm,
1701 1062 1991 1127 castella
2027 1083 2307 1147 quoque
2342 1063 2655 1131 Aruudel
2685 1070 2756 1125 et

854 1164 1185 1249 Tyckyll,
1208 1163 1578 1239 alimentis,
1623 1162 1982 1241 machinis,
2010 1165 2244 1241 armis,
2285 1165 2644 1239 militibuS,
2673 1180 2756 1227 ac

854 1265 1200 1349 peditibus
1246 1270 1491 1327 centra
1534 1281 1770 1345 regem
1819 1261 2228 1329 Heinricum
2267 1264 2555 1328 firmiter
2607 1284 2756 1327 mu-

852 1364 1051 1427 nivit.
1177 1362 1425 1429 Muros
1492 1381 1768 1445 quoque
1835 1382 1920 1426 ac
1995 1371 2224 1429 turres
2288 1364 2753 1437 castellorum,

856 1461 1175 1527 videlicet
1209 1461 1487 1544 Brycge
1514 1469 1588 1527 et
1611 1461 2014 1539 Caroclove,
2048 1463 2160 1527 die
2187 1471 2532 1545 noctuque
2563 1463 2758 1527 labo·-

854 1561 1071 1628 rando
1102 1568 1175 1626 et
1194 1562 1570 1643 operando,
1600 1562 1930 1643 perficere
1959 1563 2182 1627 modis
2215 1564 2528 1627 omnibus
2561 1564 2754 1629 festi-

858 1662 1075 1727 navit.
1175 1660 1513 1727 Walauos
1548 1662 1784 1737 etiam,
1814 1681 1979 1727 suos
2032 1662 2360 1738 homines,
2410 1670 2491 1727 ut
2524 1683 2752 1745 prom—

856 1762 1120 1845 ptiores
1168 1760 1437 1844 sibique
1482 1760 1826 1825 fideliores
1876 1780 1958 1825 ac
1997 1764 2381 1845 paratiores
2411 1772 2641 1828 essent
2668 1762 2754 1827 ad

856 1862 929 1925 id
977 1861 1461 1943 perficiendum
1508 1860 1694 1943 quod
1736 1862 2041 1939 volebat,
2085 1862 2481 1940 honoribus,
2525 1864 2760 1939 terriS,

859 1962 1086 2042 equis.
1144 1961 1355 2024 armis
1420 1961 1764 2038 incitavit,
1813 1960 2163 2044 variisque
2211 1962 2410 2025 donis
2469 1962 2760 2045 largiter

861 2060 1133 2125 ditavit.
1237 2059 1373 2125 Sed
1413 2067 1705 2124 conatus
1743 2060 1934 2124 illius
1979 2069 2054 2125 et
2097 2080 2310 2144 opera
2359 2062 2562 2126 nimis
2617 2063 2758 2127 cito

860 2169 1025 2225 sunt
1052 2159 1421 2241 impedita3
1451 2159 1721 2225 insidiis
1747 2160 1932 2225 enim
1963 2169 2034 2225 et
2059 2162 2423 2226 conatibus
2453 2163 2606 2246 ejus
2635 2182 2759 2246 per

861 2268 1053 2325 certa
1080 2259 1334 2325 indicia
1367 2260 1681 2337 detectis,
1715 2260 2066 2342 publicum
2105 2261 2374 2325 hostem
2403 2282 2530 2326 rex
2560 2262 2780 2335 illum,

858 2359 1369 2442 pronunciavit.
1500 2358 1772 2423 Idcirco
1833 2378 1997 2423 mox
2054 2360 2372 2425 Walanis
2419 2368 2490 2425 et
2547 2360 2759 2427 Nort-

862 2459 1157 2535 manniS,
1202 2463 1374 2541 quot
1416 2464 1585 2521 tunc
1639 2458 1893 2523 habere
1935 2461 2188 2543 potuit,
2229 2460 2301 2523 in
2344 2480 2557 2525 unum
2603 2482 2760 2526 con-

863 2557 1191 2640 gregatis,
1227 2558 1378 2639 ipse
1406 2566 1479 2622 et
1508 2577 1680 2622 suus
1713 2578 2082 2641 gennanus
2110 2559 2464 2626 Arnoldus
2489 2571 2763 2644 partem

863 2657 1353 2722 Staffordensis
1429 2677 1634 2740 pagae
1697 2667 2177 2738 vastaverunt,
2255 2677 2338 2725 ac
2421 2662 2580 2726 inde
2650 2664 2761 2747 ju-

862 2765 1099 2822 menta
1130 2765 1202 2823 et
1244 2757 1578 2844 animalia
1619 2759 1862 2836 multa,
1907 2759 2354 2844 hominesque
2397 2762 2762 2826 nonnullos

538 2895 579 2936 H
638 2906 687 2944 Υ,
861 2856 935 2919 in
965 2856 1361 2922 Waloniam
1390 2857 1856 2924 abduxerunt.
1946 2857 2047 2924 At
2079 2879 2208 2924 rex
2249 2861 2400 2924 sine
2429 2861 2762 2927 dilatione

536 2906 823 3036 ssfffgffi‘h‘
863 2956 1225 3021 castellum
1276 2956 1429 3040 ejus
1464 2955 1778 3024 Arundel
1821 2959 2139 3041 primitus
2183 2960 2476 3038 obsedit,
2532 2969 2611 3026 et
2648 2983 2762 3028 ca·-

538 3045 730 3086 Arunda!
745 3055 756 3087 ς

560 3095 786 3136 „mmm
862 3055 1085 3120 stellis
1116 3063 1281 3128 ante
1316 3056 1486 3123 illud
1530 3057 1847 3136 firmatiS,
1870 3059 2180 3123 recessit.
2272 3060 2543 3125 Deinde
2585 3061 2764 3127 Rot-

535 3107 559 3136 c

539 3147 841 3236 ξῗὲῗξξοῖζηο
863 3156 1159 3232 bertum,
1234 3155 1690 3222 Lindieolinae
1753 3157 2056 3222 civitatis
2119 3159 2542 3242 episcopum,
2607 3181 2763 3226 cum

540 3248 758 3342 ξί-ἳξῗξῖῃ,
866 3263 1065 3338 parte
1139 3257 1491 3324 exercitus
1567 3255 1870 3340 Tyckyll
1944 3258 2259 3322 obsidere
2311 3260 2568 3342 jussit;
2647 3263 2764 3326 ille

538 3347 843 3448 fflh‘ggmm
868 3365 1103 3422 autem
1134 3357 1411 3440 Brycge
1455 3375 1610 3421 cum
1663 3357 1974 3422 exercitu
2017 3378 2194 3442 pene
2236 3360 2452 3423 totius
2488 3359 2767 3443 Angliae

868 3455 1162 3531 obsedit,
1222 3454 1580 3520 machinas
1653 3455 1752 3520 ibi
1816 3465 2216 3539 construere
2273 3465 2345 3522 et
2407 3461 2766 3526 castellnm

541 3567 779 3658 Qffissm
866 3553 1145 3618 firmare
1218 3553 1457 3634 coepit.
1586 3553 1877 3618 Interim
1944 3555 2311 3636 Walanos,
2373 3559 2446 3622 in
2515 3541 2778 3642 quibus

869 3650 1191 3716 fiduciam
1232 3670 1556 3732 mag-nam
1611 3652 1996 3720 Rotbertus
2046 3655 2407 3734 habuerat,
2456 3665 2536 3722 ut
2571 3660 2768 3743 jura-

869 3758 1105 3815 menta
1134 3769 1291 3834 quae
1322 3750 1427 3816 illi
1446 3751 1861 3835 juraverant
1887 3755 2088 3820 irrita
2131 3756 2392 3836 fierent,
2429 3766 2500 3822 et
2531 3759 2769 3824 abillo

867 3852 1145 3934 penitus
1172 3851 1568 3929 deficerent,
1590 3854 1662 3918 in
1677 3852 2010 3937 illumque
2029 3865 2549 3938 consurgerent,
2572 3858 2770 3922 donis

546 3987 708 4027 noum
867 3951 1155 4016 modicis
1182 3951 1385 4022 facile
1414 3953 1748 4034 corrupit.
1852 3953 2050 4020 Infra
2078 3971 2276 4020 xxx.
2312 3957 2459 4020 dies
2490 3958 2773 4022 civitate

543 4047 777 4136 Εζζῗέῃᾱῗ
867 4051 1325 4133 omnibusque
1385 4053 1691 4119 castellis
1763 4053 2076 4131 redditis,
2145 4055 2499 4120 inimicum
2570 4075 2769 4121 suum

869 4148 1287 4213 Rotbertum
1335 4153 1719 4232 superavit,
1763 4158 1833 4215 et
1875 4153 2332 4234 ignominiose
2375 4156 2460 4219 de
2507 4154 2772 4237 Anglia

870 4246 1185 4329 expulit3
1297 4267 1700 4329 germanum
1767 4270 2042 4334 quoque
2115 4252 2301 4317 illius
2380 4253 2771 4320 Arnoldum
