3107 5054
827 485 1213 534 nonswru
1261 485 1821 535 wlcoamnnsis.
2152 469 2283 535 119

371 642 677 707 mittunt.
786 642 1078 710 Videret
1163 644 1284 727 qui
1367 643 1635 721 afforet,
1718 651 1937 709 totam
2024 644 2279 713 civium

365 743 869 826 supellectilem
917 745 1167 809 deferri
1209 745 1283 809 in
1333 744 1713 809 basilicam.
1819 744 1880 809 Ο
1930 745 2277 813 miseriam

368 843 642 909 videre!
737 844 920 909 Ecce
959 845 1206 912 domus
1245 845 1404 921 Dei,
1440 864 1599 927 quse
1646 844 1969 910 intranda
2009 858 2163 914 erat
2200 849 2275 915 in

369 943 821 1022 holocaustis,
890 945 1008 1013 ubi
1073 944 1567 1011 immolandum
1636 954 1788 1009 erat
1858 946 2275 1016 sacrificium

369 1043 624 1122 laudis,
665 1044 1014 1109 reddenda
1051 1050 1220 1110 vota
1269 1045 1636 1123 altissima,
1693 1045 1973 1112 videtur
2025 1048 2273 1131 inprae-

369 1144 752 1209 sentiarum
788 1146 980 1210 velut
1029 1144 1480 1229 supellectilis
1523 1164 1711 1211 casa.
1822 1146 2003 1212 Ecce
2056 1150 2274 1215 totius

369 1244 816 1327 episcopatus
892 1244 1272 1328 principale
1351 1246 1737 1311 coenobium
1825 1246 2085 1311 sactum
2166 1256 2275 1315 est

371 1345 624 1409 civium
665 1346 1142 1423 diversorium,
1176 1351 1248 1410 et
1294 1344 1645 1427 quoddam
1680 1345 2269 1415 declamatorium.

368 1441 848 1509 Armariorum
899 1453 970 1511 et
1027 1464 1386 1509 saccorum
1438 1445 1891 1527 plurimorum
1950 1467 2097 1532 pree
2144 1468 2272 1514 nu-

370 1563 585 1622 mero,
605 1546 741 1610 Dei
769 1546 990 1609 servis
1020 1546 1140 1611 vix
1170 1544 1366 1609 locus
1393 1544 1466 1609 in
1493 1546 1621 1611 tali
1652 1565 1834 1610 nunc
1866 1546 2271 1615 diversori0.

371 1643 409 1709 Ι
413 1652 574 1709 ntus
626 1644 866 1728 psallit
917 1645 1167 1723 cleruS,
1217 1646 1385 1711 foris
1435 1647 1634 1727 vagit
1676 1645 1927 1726 insum,
1986 1649 2272 1715 vocibus

369 1746 811 1826 psallentium
900 1751 1181 1810 resonat
1260 1765 1404 1815 vox
1481 1744 1910 1825 lactentium,
1991 1766 2273 1832 voxque

368 1852 670 1909 matrum
747 1845 1148 1927 lugentium.
1271 1845 1561 1909 Miseria
1639 1865 1849 1929 super
1928 1847 2273 1916 miseriam

369 1944 626 2011 videre.
712 1944 958 2011 Altare
991 1945 1369 2029 principale
1396 1953 1541 2012 stat
1576 1954 1982 2011 ornamento
2013 1948 2272 2030 spolia-

369 2052 540 2123 tum,
571 2066 744 2111 crux
777 2046 1116 2129 deposita,
1146 2046 1378 2129 imago
1409 2046 1867 2111 sanctissimae
1897 2047 2031 2111 Dei
2076 2050 2270 2131 geni·

363 2146 558 2209 tricis
624 2146 870 2211 Mariae
947 2147 1170 2213 oculis
1245 2148 1623 2211 subtracta.
1734 2145 2041 2211 Cortinae
2114 2168 2271 2213 cum

365 2246 598 2327 pallis,
641 2246 818 2311 albae
847 2266 1004 2312 cum
1041 2246 1306 2329 cappis,
1345 2246 1548 2313 stolae
1597 2265 1755 2310 cum
1791 2246 2115 2329 planetis,
2144 2268 2270 2331 pa-

365 2346 617 2410 rietum
647 2348 866 2430 septis
895 2346 1362 2412 includuntur.
1455 2346 1542 2411 In
1578 2353 1973 2411 sanctorum
2001 2347 2270 2413 festivi·

367 2446 626 2510 tatibus
675 2447 764 2511 ad
807 2447 1116 2513 divinum
1154 2446 1637 2513 celebrandum
1686 2444 1981 2512 officium
2018 2445 2273 2517 desunt

367 2546 601 2623 decue,
677 2547 921 2627 honor,
987 2547 1212 2614 omnis
1283 2548 1492 2630 solita
1566 2547 2100 2630 magnificentia.
2200 2547 2271 2616 A

367 2648 616 2712 timore
645 2649 756 2713 vel
783 2668 930 2732 prae
958 2649 1205 2716 timore
1232 2648 1665 2714 inimicorum
1710 2647 1858 2712 haec
1892 2648 2270 2731 disponun-

365 2754 481 2812 tur
537 2749 790 2826 omnia,
861 2769 950 2814 ne
1015 2755 1298 2832 repente
1361 2748 1678 2813 inimicus
1754 2749 2271 2830 superveniens,

365 2848 570 2913 tollat
599 2857 856 2914 cuncta
887 2867 1044 2934 quae
1077 2849 1404 2931 repperit,
1449 2857 1522 2912 et
1564 2849 1665 2912 sic
1703 2848 1776 2912 in
1806 2849 2113 2914 vanitate
2140 2868 2272 2916 sua

368 2949 772 3031 praevaleat.
876 2949 964 3014 In
1013 2949 1311 3014 articulo
1363 2948 1499 3014 diei
1549 2948 1943 3030 incipientis
1982 2950 2269 3028 brumae,
2294 2967 2388 3008 ‘rho
2403 2977 2525 3016 army

365 3047 495 3112 hoc
539 3056 651 3113 est
685 3067 812 3112 vu.
840 3049 998 3114 idus
1042 3048 1386 3114 Novemb.
1427 3045 1502 3133 [7
1539 3046 1787 3133 Nov.]‚
1826 3048 2000 3114 feria
2040 3049 2270 3128 tertia,
2295 3019 2557 3118 2313&

365 3148 528 3213 dum
577 3150 666 3214 ad
719 3149 994 3214 laudem
1042 3148 1346 3214 divinam
1396 3149 1468 3212 in
1521 3146 1815 3212 ecclesia
1865 3148 2139 3224 fuimuS,
2200 3159 2273 3214 et
2294 3119 2600 3210 ffissssffssff

356 3246 507 3329 jam
539 3250 834 3331 primam
869 3250 1108 3314 horam
1137 3249 1272 3312 diei
1305 3248 1853 3324 decantavimus,
1874 3267 2056 3323 ecce,
2085 3249 2271 3330 quod

364 3348 682 3430 plurimis
717 3358 883 3414 ante
915 3351 1158 3414 diebus
1191 3350 1475 3413 auribus
1509 3347 1892 3424 hausimus,
1921 3349 2271 3416 exercitus

365 3469 659 3530 magnus
723 3450 925 3515 valde
995 3458 1064 3516 et
1125 3449 1350 3527 fortiS,
1412 3450 1500 3513 ab
1569 3455 1809 3512 austro
1870 3447 2175 3526 veniens,
2230 3468 2270 3514 e

365 3550 624 3631 vagina
649 3550 936 3616 malitiae
967 3549 1430 3632 progreditur.
1500 3549 1687 3618 Urbs
1716 3541 2031 3618 Glaorna
2058 3549 2269 3615 armis

365 3649 777 3714 militaribus
805 3649 1173 3727 instructa,
1201 3650 1501 3732 equestri
1530 3655 1602 3714 et
1628 3649 1934 3732 pedestri
1956 3651 2269 3714 exercitu

361 3750 846 3814 innumerabili
883 3749 1190 3826 suffulta,
1234 3749 1546 3832 procedit
1585 3749 1939 3814 civitatem
1985 3748 2267 3830 Wigor-

365 3870 526 3914 nam
559 3851 916 3929 invasura,
947 3857 1331 3927 vastatura,
1367 3850 1530 3930 igne
1564 3850 2032 3914 combustura.
2114 3847 2267 3912 Nos

360 3959 597 4016 autem
641 3951 964 4016 timentes
1009 3950 1432 4015 ornamentis
1477 3948 1882 4025 sanctuarii,
1916 3945 2266 4029 benignis-

363 4051 519 4116 simi
549 4051 825 4134 patroni
858 4051 1080 4115 nostri
1111 4049 1421 4116 Oswaldi
1450 4047 1781 4131 reliquias
1812 4047 1989 4112 albis
2016 4047 2267 4126 induti,

363 4158 514 4216 tota
543 4159 836 4216 sonante
873 4151 1119 4228 classe,
1155 4170 1313 4215 cum
1357 4149 1601 4215 humili
1628 4148 2069 4231 processione
2102 4146 2268 4211 foris

365 4252 766 4330 extulimus,
813 4258 882 4316 et
927 4245 1034 4318 ob(
1068 4250 1369 4316 hostium
1426 4250 1877 4332 irruptionem
1933 4247 2018 4313 de
2065 4256 2269 4331 porta
