3107 5054
843 483 973 550 220
1348 497 1666 548 commu
1679 499 1848 548 Αἰιο
1892 497 1985 547 cn
1999 496 2242 546 nomm

848 657 1222 723 Clementis
1255 655 1375 743 [23
1400 656 1564 720 Nov
1591 657 1620 744 ]
1655 656 2016 722 tendentes
2048 675 2292 720 versus
2314 649 2746 729 Nol-wicum,

846 758 933 822 ad
981 757 1486 823 dedicationem
1549 757 1883 834 ecclesiae,
1941 757 2198 820 factam
2257 771 2355 819 lv.
2411 753 2551 819 kal.
2607 753 2755 816 De-

847 860 1061 922 cemb.
1098 854 1219 942 [28
1248 856 1493 943 Nov.,]
1530 857 1874 921 existente
1907 856 2159 920 ibidem
2196 863 2362 919 tunc
2395 873 2549 918 cum
2583 872 2751 934 rege

526 979 695 1026 nou-n,
710 977 809 1027 upa
781 959 1154 1021 otmaxima
1228 965 1634 1039 magnatum
1700 955 1982 1038 Angliae
2045 955 2504 1019 multitudine.
2600 951 2749 1016 Ro-

524 1028 817 1118 ωὲζᾞὲω
770 1079 825 1128 ιη
849 1058 1111 1134 bertus,
1138 1055 1604 1122 Carleolensis
1621 1056 2012 1139 episcopua,
2035 1056 2247 1134 obiit;
2277 1054 2391 1118 cui
2417 1053 2752 1117 successit

426 1127 435 1134 '
524 1129 727 1220 Mdlh'p
700 1087 825 1177 prior

662 1179 811 1220 nme.
854 1156 1293 1240 Radulphus,
1320 1157 1511 1238 prior
1530 1156 1618 1219 de
1641 1154 2012 1220 Giseburn.
2084 1153 2306 1219 Facta
2331 1159 2438 1218 est
2466 1153 2750 1218 itinera-

848 1257 947 1320 tio
989 1257 1541 1340 judiciariorum,
1583 1255 1840 1320 domini
1887 1255 1934 1320 J
1940 1254 2234 1318 obannls
2277 1255 2362 1318 de
2396 1252 2748 1317 Wallibus

847 1362 919 1420 et
950 1355 1292 1420 sociorum
1319 1355 1451 1420 sibi
1480 1356 1991 1437 assignatorum
2024 1353 2209 1436 apud
2235 1352 2693 1428 Gai-leolam,
2673 1373 2746 1416 m

846 1457 1179 1520 comitatu
1207 1454 1698 1531 cumberland,
1735 1461 1805 1518 et
1823 1454 2082 1519 domini
2115 1453 2380 1535 Rogeri
2417 1452 2746 1534 Loveday

847 1573 1005 1617 cum
1076 1554 1207 1617 sibi
1282 1552 1660 1635 assignatis
1730 1555 1803 1618 in
1881 1555 2216 1618 comitatu
2287 1552 2744 1616 Herefordiae.

524 1678 617 1719 τι.
634 1678 747 1718 sm
850 1653 1107 1718 Omnes
1152 1652 1201 1720 J
1208 1652 1387 1717 udaei
1428 1651 1733 1736 Angliae,
1785 1653 2263 1738 cujuscunque
2305 1653 2746 1731 conditioniS,

652 1739 727 1768 ⁸⁰²¹
792 1739 804 1775 ³
845 1754 1095 1830 aetatis,
1120 1760 1244 1817 aut
1272 1773 1508 1829 sexuS,
1532 1755 1607 1817 in
1637 1753 1906 1818 octavis
1942 1753 2014 1817 S.
2041 1753 2332 1817 Martini
2359 1752 2476 1834 [18
2497 1752 2746 1834 Nov.],

845 1854 1075 1917 subito
1110 1853 1299 1935 capti
1336 1861 1525 1929 sunt,
1573 1863 1644 1918 et
1685 1853 1809 1935 per
1837 1852 2116 1916 diversa
2146 1850 2424 1934 Angliae
2457 1852 2750 1916 castella

846 1954 1063 2018 salvae
1112 1960 1275 2017 sunt
1330 1953 1649 2037 deputati
1707 1953 2060 2017 custodiae.
2166 1950 2436 2031 Quibus
2488 1953 2588 2015 sic
2641 1971 2748 2014 re-

847 2053 1083 2129 tentiS,
1136 2072 1370 2116 eorum
1418 2053 1690 2118 interim
1741 2053 2108 2134 diligenter
2145 2052 2474 2115 scrutatis
2525 2052 2746 2116 domi*

850 2153 1163 2217 ciliorum
1234 2153 1727 2235 penetralibus,
1801 2153 2085 2219 inventa
2145 2158 2309 2215 sunt
2361 2151 2548 2233 apud
2603 2151 2749 2233 ple-

854 2273 1105 2337 rosque
1154 2253 1570 2317 retonsionis
1621 2258 1914 2316 monetae
1971 2252 2174 2334 signa
2228 2261 2439 2334 atque
2489 2251 2750 2315 instru-

529 2378 617 2418 m.»
636 2378 785 2418 nithe
852 2361 1111 2430 menta,
1166 2353 1352 2417 facta
1414 2353 1635 2437 ipsius
1691 2351 2228 2417 evidentissima.
2321 2351 2529 2434 Capti
2582 2361 2749 2417 sunt

528 2429 792 2479 mmmm..
854 2453 1061 2517 etiam
1108 2452 1339 2516 subito
1383 2472 1509 2536 per
1565 2458 1786 2516 totam
1830 2451 2162 2534 Angliam
2206 2451 2442 2515 omnes
2494 2451 2756 2515 aurifa-

853 2554 959 2617 bri
1030 2559 1327 2616 monetae
1394 2553 1690 2617 ministri
1771 2555 1844 2617 in
1925 2553 2231 2617 crastino
2297 2552 2371 2617 S.
2424 2552 2752 2616 Nicholai

856 2654 933 2735 [7
967 2653 1199 2733 Dec.],
1242 2658 1450 2735 atque
1496 2654 1626 2717 sub
1665 2650 1870 2718 ‘salva
1904 2652 2115 2735 positi
2157 2652 2495 2730 custodia,
2539 2660 2754 2735 atque

854 2773 1091 2819 eorum
1145 2751 1492 2816 domicilia
1539 2751 1907 2835 diligenter
1957 2758 2414 2835 perscrutata.
2525 2750 2756 2818 Juxta

855 2853 1259 2916 mandatum
1304 2852 1521 2934 igitur
1563 2854 1857 2934 regium,
1893 2872 2032 2936 quo
2076 2852 2248 2916 nulli
2282 2844 2616 2935 quantum
2664 2852 2754 2917 ad

854 2951 985 3015 hoc
1036 2951 1343 3033 pepercit
1395 2952 1726 3029 libertati,
1763 2952 1952 3018 ducti
2008 2959 2172 3016 sunt
2215 2952 2649 3017 Londoniam
2683 2972 2756 3017 v.

854 3049 1183 3115 aurifabri
1234 3058 1443 3133 atque
1493 3057 1636 3115 tres
1695 3052 1814 3116 alii
1866 3052 1952 3115 de
2009 3052 2180 3117 villa
2229 3051 2299 3115 S.
2345 3050 2755 3129 Eadmundi,

851 3170 978 3234 per
1029 3168 1307 3215 manum
1371 3157 1604 3217 tamen
1661 3152 1901 3216 ballivi
1962 3151 2146 3215 villae
2211 3152 2630 3234 supradictae
2682 3152 2754 3215 in

854 3249 1060 3316 dictae
1081 3252 1452 3329 libertatiS,
1480 3258 1562 3315 ut
1591 3251 1936 3334 plerisque
1973 3251 2358 3328 videbatur,
2378 3251 2748 3316 laesionem.

856 3348 1062 3429 Quod
1106 3372 1263 3416 cum
1306 3351 1589 3415 domino
1634 3350 1782 3432 regi
1822 3350 2262 3427 innotuisset,
2309 3370 2546 3416 omnes
2580 3370 2754 3433 prae-

854 3449 1077 3513 dictos
1102 3451 1315 3533 jussit
1359 3450 1641 3526 remitti,
1668 3449 2006 3533 judicium
2043 3450 2320 3526 ibidem,
2353 3458 2560 3532 prout
2603 3470 2752 3514 me-

855 3555 1158 3625 ruerunt,
1221 3549 1369 3613 sive
1419 3549 1674 3612 bonum
1727 3549 1875 3614 sive
1923 3550 2206 3628 malum,
2253 3550 2506 3614 ibidem
2563 3549 2756 3614 subi-

855 3653 1070 3710 turoS.
1173 3648 1452 3712 Tartari
1502 3668 1790 3729 regnum
1845 3658 2192 3732 occupant
2241 3648 2750 3733 Hierosolymi-

855 3753 1113 3811 tanum.
1224 3748 1382 3812 Rex
1402 3747 1618 3831 jussit
1638 3755 1716 3812 ut
1739 3768 1976 3813 omnes
2000 3750 2330 3815 habentes
2361 3765 2495 3815 xx.
2517 3749 2749 3813 librat.

855 3854 1053 3911 terrae
1084 3848 1498 3913 militaribus
1534 3849 2076 3931 accingerentur.

549 3970 601 4010 Α.
614 3970 669 4011 n.
694 3968 811 4009 ηπ.
956 3947 1297 4011 Dominus
1332 3968 1457 4011 rex
1493 3949 1674 4030 cepit
1711 3950 2101 4031 scutagium
2138 3968 2264 4031 pro
2309 3948 2750 4031 expeditione

532 4038 777 4127 2303?
854 4044 1159 4123 Walliae,
1189 4047 1436 4129 positis
1466 4063 1591 4111 xl..
1616 4048 1742 4112 sol.
1771 4068 1978 4131 super
2010 4055 2306 4113 scutum.
2403 4048 2755 4124 Alienora,

534 4139 655 4187 ΜΨ
672 4138 793 4176 '’⁰¹¹'‘
854 4146 1095 4227 regina
1156 4146 1458 4229 Angliae,
1532 4147 1774 4229 vigilia
1838 4148 1907 4213 S.
1972 4147 2296 4231 Gregorii
2345 4146 2462 4233 [11
2515 4146 2762 4233 Mar.],

854 4246 1039 4327 apud
1073 4246 1597 4311 windleshores
1641 4247 1853 4313 filiam
1891 4250 2186 4332 peperit,
2221 4268 2430 4331 quam
2478 4247 2760 4313 vocavit
