3107 5054
825 457 959 524 192
1321 469 1832 526 con'rmuA‘rro·
1863 465 2214 520 eunome(

830 631 938 692 est
956 645 1084 710 per
1105 635 1323 690 totam
1344 625 1702 708 Angliam,
1726 626 2078 708 regalibus
2095 627 2167 690 in
2191 627 2506 702 barones,
2527 627 2731 688 baro-

831 728 1033 790 nibus
1068 727 1142 789 in
1178 726 1447 807 regales
1482 726 1968 790 miserabiliter
1993 726 2464 792 saevientibus,
2570 725 2733 790 Rex

831 825 1107 908 Anglioe
1174 845 1327 890 cum
1402 845 1566 907 rege
1631 823 2088 902 Alemanniae,
2148 825 2368 890 fratre
2430 845 2582 900 suo,
2649 833 2722 888 et

834 923 1196 1001 Edwardo,
1228 925 1691 1007 primogenito
1719 945 1875 1002 suo,
1913 924 2467 990 Norbamtonatn
2505 923 2725 992 multo

836 1025 1056 1088 milite
1086 1025 1425 1089 munitam
1460 1025 1670 1107 cepit.
1775 1024 2084 1089 Sabbato
2115 1031 2280 1088 ante
2317 1023 2726 1090 Passionem

834 1125 1120 1188 Domini
1162 1123 1283 1205 [13
1311 1122 1547 1205 Apr.],
1579 1125 1875 1188 barones
1900 1143 2073 1188 cum
2125 1123 2731 1192 Londoniensibus

827 1224 1085 1290 milites
1132 1243 1361 1288 arcem
1392 1222 1870 1287 Rovecestriae
1909 1224 2315 1300 munientes,
2351 1231 2422 1288 et
2459 1223 2590 1286 sibi
2635 1222 2726 1290 ad

828 1323 1282 1407 praeliandum
1329 1322 1716 1399 obvianteS,
1757 1322 2000 1388 turrim
2057 1323 2392 1387 reintrare
2441 1341 2723 1404 compu-

508 1442 771 1492 Jewnplun·
828 1422 1081 1498 lerunt,
1127 1422 1441 1505 pluribus
1488 1442 1581 1486 ex
1643 1421 1791 1488 suis
1846 1423 2302 1505 interemptis.
2408 1422 2722 1487 Barones

508 1493 639 1586 iffi
654 1493 739 1533 ⁸¹²⁶
830 1539 987 1585 cum
1018 1520 1615 1585 Londoniensibus
1639 1519 1685 1584 J
1693 1521 2080 1586 udaismum
2107 1521 2487 1585 Londoniae
2515 1519 2722 1602 spoli·

508 1641 602 1681 ru.
617 1626 1145 1696 mundaverunt,
1174 1619 1411 1684 multis
1445 1618 1491 1684 J
1498 1621 1716 1684 udaeis
1749 1620 2150 1686 interfectis
2258 1619 2434 1686 Post
2466 1619 2726 1688 multas

510 1692 669 1730 Lm*
830 1729 902 1787 et
938 1719 1201 1784 flebiles
1226 1718 1583 1784 molestias
1607 1718 1768 1784 hinc
1793 1720 1950 1785 inde
1980 1720 2242 1798 illatas,
2268 1719 2454 1803 apud
2478 1719 2730 1784 Lewes

832 1820 999 1884 dicti
1017 1819 1156 1885 duo
1178 1839 1377 1901 reges
1394 1839 1551 1884 cum
1577 1819 1952 1884 baronibus
1982 1819 2238 1883 bellum
2269 1819 2442 1883 satis
2472 1818 2728 1884 durum·

833 1919 1346 1994 commiserunt,
1378 1935 1461 1982 11.
1491 1917 1586 1986 id.
1623 1917 1802 1983 Maii
1831 1919 1952 2001 [14
1975 1918 2184 2000 Maii]
2212 1944 2232 1993 3
2282 1919 2399 1982 ubi
2431 1920 2726 1984 barones

833 2009 1195 2084 victoriam
1258 2018 1730 2084 obtinuerunt.
1868 2019 2134 2099 Regem
2199 2016 2503 2100 Aug-liae,
2564 2018 2728 2083 licet

834 2125 1165 2200 ceperunt
1212 2124 1401 2194 tunc,
1438 2137 1578 2182 non
1607 2117 1808 2200 quasi
1841 2125 2150 2200 captum,
2185 2116 2304 2181 sed
2350 2117 2728 2193 curialiter,

838 2225 1167 2298 tanquam
1225 2215 1604 2293 dominum,
1667 2217 2185 2282 custodierunt:
2264 2236 2496 2298 regem
2562 2215 2728 2282 Ale-

837 2319 1133 2381 manniae
1154 2324 1435 2399 captum
1454 2315 1824 2381 duxerunt.
1879 2315 2266 2382 Edwardus
2287 2335 2412 2400 pro
2439 2335 2726 2382 snorum

836 2416 1247 2481 liberatione
1281 2415 1588 2480 obsidem
1619 2434 1696 2480 se
1725 2415 1915 2480 dedit
1943 2436 1962 2482 ε
2009 2435 2248 2480 omnes
2289 2416 2512 2480 dictas
2562 2434 2726 2497 pro-

841 2516 1142 2580 visiones
1168 2515 1464 2581 Oxoniae
1492 2536 1571 2579 se
1605 2514 1751 2579 fore
1779 2517 2268 2582 observaturos
2291 2515 2728 2603 juraveruut.

843 2615 1189 2697 Deinceps
1249 2623 1483 2682 autem
1544 2634 1672 2679 rex
1752 2636 1890 2698 quo
1975 2617 2270 2681 barones
2346 2616 2732 2698 pergebant

840 2716 1179 2798 perrexit,
1220 2723 1293 2780 et
1360 2714 1546 2798 quod
1605 2714 1994 2779 faciendum
2053 2715 2525 2793 decreverant,
2576 2714 2740 2780 dili-

844 2822 1091 2897 genter
1138 2824 1211 2881 et
1257 2815 1555 2878 libenter
1607 2813 1926 2880 faciebat.
2031 2814 2280 2880 Edicto
2338 2816 2522 2897 regis
2583 2833 2728 2896 pax

842 2914 1271 2997 proclamata
1313 2920 1419 2977 est
1459 2933 1592 2995 per
1635 2914 2026 2979 universam
2071 2922 2343 2981 terram.
2451 2914 2727 2996 Regina

843 3012 1145 3093 Angliae,
1203 3014 1273 3076 in
1338 3014 1652 3094 partibus
1719 3014 2197 3078 transmarinis
2259 3012 2594 3089 existenS,
2654 3021 2726 3077 et

842 3112 1126 3176 audiens
1173 3132 1316 3176 rem
1374 3121 1646 3193 gestam
1690 3114 1815 3189 sic,
1848 3112 2166 3190 indoluit,
2197 3114 2728 3194 conducensque

842 3214 1219 3279 exercitum
1248 3211 1616 3289 infinitum,
1648 3211 1976 3294 Angliam
2015 3212 2341 3277 invadere
2389 3213 2726 3276 arbitrata

842 3320 989 3392 est;
1036 3314 1155 3377 sed
1208 3332 1398 3378 mare
1443 3312 1785 3393 litoreque
1829 3312 2094 3375 marino
2140 3332 2264 3395 per
2306 3319 2728 3394 praeceptum

842 3414 1025 3493 regis
1089 3419 1159 3475 et
1212 3412 1559 3483 ‚baronum
1623 3412 1905 3493 copioso
1969 3412 2276 3485 exercitu
2333 3409 2722 3493 Aug-lorum

841 3510 1212 3586 custodite,
1272 3510 1736 3591 transfretare·
1779 3510 2158 3576 adversarii
2217 3511 2720 3587 formidabant;

822 3608 1305 3692 ,thesauroque
1323 3610 1582 3691 reginae
1603 3618 2037 3691 consumpto,
2055 3610 2312 3691 singuli
2333 3610 2420 3677 ad
2448 3608 2726 3693 propria

842 3727 979 3773 non
1034 3708 1185 3773 sine
1242 3709 1481 3773 labore
1536 3716 1608 3773 et
1662 3710 1912 3775 rubore
1964 3710 2222 3775 reversi
2275 3716 2460 3775 sunt.
2565 3707 2726 3788 Quo

837 3808 1101 3886 audito,
1136 3809 1451 3876 custodia
1483 3808 1750 3873 marina
1773 3808 2094 3874 cessavit.
2169 3808 2734 3873 Memorandum-

840 3927 999 3991 que,
1019 3910 1227 3992 quod,
1252 3909 1382 3975 nisi
1400 3925 1590 3975 mare
1612 3908 1712 3975 sic
1741 3907 2160 3974 custoditum
2182 3907 2732 3988 fuisset,Anglia

839 4010 927 4073 ab
946 4009 1351 4091 alienigenis
1370 4015 1581 4091 capta
1603 4008 1871 4073 fuisset.
1947 4006 2476 4071 Memorandum
2498 4008 2732 4083 etiam,

839 4109 1023 4191 quod
1057 4128 1295 4173 omnes
1318 4108 1543 4191 burgi,
1577 4108 1785 4185 villae,
1808 4115 1878 4173 et
1908 4114 2332 4190 campestres
2358 4114 2429 4171 et
2453 4106 2736 4170 ecclesi-

836 4209 1074 4272 asticae
1113 4227 1429 4291 personae
1475 4209 1699 4276 taxati
1751 4207 2034 4275 suerunt
2082 4207 2170 4279 ad
2209 4200 2732 4293 inveniendum,
