3107 5054
891 482 979 547 58
1623 494 2048 545 cunonieon

892 652 1456 736 archiepiscopus
1518 652 1978 717 Eboracensis
2039 672 2196 717 cum
2247 672 2357 730 eo,
2413 670 2790 735 omnesque

892 753 1014 818 alii
1060 751 1338 835 Angliae
1380 752 1710 836 episcopi,
1749 754 1819 816 in
1863 752 2236 835 praesentia
2275 752 2562 835 gloriosi
2606 752 2789 833 regis

896 852 1234 928 Heinrici,
1280 870 1572 917 assensu
1623 853 1960 917 baronum
2015 870 2340 917 suorum:
2387 857 2407 887 ‘
2429 850 2787 915 Statutum

894 960 1000 1017 est
1024 959 1107 1016 ut
1126 951 1535 1035 presbyteri,
1557 952 1856 1029 diaconi,
1875 952 2282 1016 subdiaconi
2311 959 2504 1016 caste
2521 950 2788 1027 vivant,

892 1059 965 1117 et
993 1052 1311 1116 soeminas
1358 1053 1431 1115 in
1470 1052 1788 1115 domibus
1831 1052 1978 1115 suis
2006 1070 2144 1115 non
2175 1051 2497 1127 habeant,
2527 1058 2788 1131 praeter

892 1152 1216 1233 proxima
1252 1152 1861 1232 consanguinitate
1903 1152 2034 1215 sibi
2068 1150 2374 1234 junctas,
2405 1149 2786 1213 secundum

892 1251 1023 1314 hoc
1053 1250 1237 1331 quod
1267 1258 1511 1315 sancta
1558 1250 1852 1315 Nicaena
1891 1250 2200 1333 synodus
2228 1248 2563 1314 definivit.
2665 1247 2783 1313 Illi

892 1368 1061 1414 vero
1119 1351 1529 1433 presbyteri,
1594 1350 1892 1428 diaconi,
1953 1350 2379 1426 subdiaconi,
2433 1349 2556 1431 qui
2619 1356 2782 1429 post

892 1449 1331 1513 interdictum
1378 1447 1880 1513 Lundoniensis
1925 1449 2194 1513 consilii
2246 1449 2564 1513 foeminas
2611 1466 2779 1511 suas

893 1554 1282 1625 tenuerunt,
1317 1548 1431 1613 vel
1460 1548 1635 1613 alias
1667 1550 2040 1625 duxerunt,
2075 1549 2133 1611 si
2169 1548 2464 1632 amplius
2495 1548 2779 1611 missam

890 1648 1241 1713 celebrare
1273 1646 1646 1724 voluerint,
1687 1668 1808 1713 eas
1850 1668 1895 1713 a
1938 1668 2014 1711 se
2054 1650 2336 1712 omnino
2381 1648 2482 1711 sic
2525 1646 2778 1711 facient

890 1747 1179 1823 alienaS,
1209 1754 1291 1811 ut
1322 1766 1449 1811 nec
1494 1748 1636 1811 illae
1671 1750 1744 1812 in
1786 1747 2029 1813 domos
2069 1766 2334 1823 eorum,
2369 1765 2496 1809 nec
2525 1746 2662 1828 ipsi
2703 1747 2774 1809 in

888 1847 1131 1911 domos
1163 1866 1400 1911 earum
1434 1848 1734 1927 intrent3
1781 1847 1902 1911 sed
1939 1865 2165 1929 neque
2197 1847 2264 1909 in
2301 1847 2537 1927 aliqua
2571 1844 2778 1911 domo

888 1948 1186 2011 scienter
1214 1946 1654 2023 conveniant,
1685 1966 1910 2028 neque
1947 1945 2343 2030 hujusmodi
2370 1944 2676 2009 foeminae
2705 1945 2777 2009 in

888 2047 1239 2111 territorio
1302 2045 1612 2111 ecclesiae
1674 2046 2032 2111 habitent:
2081 2046 2142 2109 si
2203 2053 2438 2109 autem
2493 2051 2780 2127 propter

888 2144 1193 2229 aliquam
1228 2145 1592 2211 honestam
1631 2164 1911 2210 causam
1951 2165 2070 2209 eas
2099 2144 2400 2227 colloqui
2433 2152 2778 2226 oporteat,

886 2265 1044 2310 cum
1076 2246 1344 2310 duobus
1372 2245 1702 2327 legitimis
1736 2246 2033 2310 testibus
2079 2251 2285 2309 extra
2311 2244 2595 2309 domum
2637 2243 2776 2308 col-

886 2344 1284 2427 loquantur.
1388 2344 1464 2408 Si
1491 2364 1660 2410 vero
1709 2346 1782 2408 in
1821 2345 2090 2409 duobus
2139 2345 2364 2408 autin
2407 2344 2632 2407 tribus
2674 2344 2774 2408 le·

886 2444 1146 2525 gitimis
1176 2443 1491 2521 testibuS,
1513 2444 1627 2507 vel
1655 2444 1937 2525 publica
1965 2443 2537 2527 parochianorum
2562 2441 2774 2521 fama,

888 2543 1139 2625 auquis
1170 2563 1406 2608 eorum
1431 2551 1800 2609 accusatus
1828 2544 2037 2609 fuerit
2064 2545 2248 2626 quod
2277 2544 2408 2608 hoc
2435 2550 2770 2608 statutum

889 2643 1279 2720 violaverit,
1332 2645 1662 2726 purgabit
1702 2663 1778 2708 se
1826 2644 2174 2729 adjunctis
2226 2662 2460 2707 secum
2512 2641 2774 2707 ordinis

886 2743 997 2806 sui
1027 2742 1293 2807 idoneis
1320 2744 1637 2821 testibus,
1665 2761 1763 2807 vl.
1799 2745 1860 2808 si
1887 2745 2272 2827 presbyter,
2309 2759 2405 2806 lv.
2439 2743 2500 2806 si
2539 2743 2776 2807 diaco-

886 2860 1041 2918 nus,
1075 2859 1155 2905 11.
1189 2843 1251 2906 si
1297 2843 1760 2908 subdiaconus
1814 2842 2043 2907 suerit.
2148 2842 2278 2906 Cui
2332 2850 2566 2906 autem
2625 2842 2772 2906 haec

882 2943 1210 3022 purgatio
1264 2942 1612 3020 defecerit,
1658 2949 1736 3007 ut
1781 2949 2254 3025 transgressor
2303 2943 2484 3006 sacri
2528 2941 2776 3006 statuti

871 3040 1322 3124 judicabitur.
1452 3042 1572 3106 Illi
1629 3049 1860 3106 autem
1916 3041 2303 3125 presbyteri
2360 3041 2504 3124 qui,
2557 3042 2773 3106 divini

881 3140 1124 3205 altaris
1165 3148 1238 3205 et
1268 3159 1620 3206 sacrorum
1667 3142 1981 3206 ordinum
2029 3149 2562 3223 contemptores,
2593 3161 2769 3224 prae-

882 3241 1217 3323 elegerint
1243 3261 1399 3306 cum
1428 3242 1830 3306 mulieribus
1859 3241 2198 3317 habitare,
2223 3261 2265 3304 a
2289 3241 2526 3306 divino
2549 3240 2772 3305 officio

881 3342 1152 3418 remoti,
1203 3342 1527 3423 omnique
1580 3342 2050 3405 eeclesiastico
2104 3339 2436 3404 beneficio
2491 3341 2769 3422 privati,

882 3447 1087 3502 extra
1149 3440 1431 3503 chorum
1509 3448 1886 3521 ponantur,
1951 3439 2242 3504 infames
2319 3439 2770 3521 pronuntiati.

885 3536 1023 3615 Qui
1078 3557 1239 3601 vero
1292 3539 1566 3602 rebellis
1623 3546 1695 3602 et
1745 3545 2182 3622 contemptor
2224 3538 2576 3602 foeminam
2634 3559 2768 3602 non

884 3635 1259 3718 reliquerit,
1328 3645 1397 3701 et
1466 3638 1749 3701 missam
1815 3639 2162 3703 celebrare
2230 3639 2772 3722 praesumpserit,

882 3744 1175 3800 vocatus
1222 3736 1307 3800 ad
1360 3737 1932 3816 satisfactionem,
1963 3740 2024 3802 si
2073 3738 2500 3820 neglexerit,¹
2516 3745 2768 3802 octavo

882 3836 993 3901 die
1046 3837 1701 3902 excommunicetur.
1827 3837 2089 3902 Eadem
2150 3839 2494 3902 sententia
2545 3838 2770 3902 archi-

880 3936 1209 4001 diaconos
1252 3944 1324 4001 et
1353 3939 1723 4001 canonicos
1764 3957 2004 4002 omnes
2039 3937 2545 4020 complectitur,
2577 3945 2650 4002 et
2683 3936 2769 4001 de

878 4037 1277 4100 mulieribus
1338 4036 1828 4118 relinquendiS‚
1894 4046 1964 4102 et
2026 4037 2114 4100 de
2180 4037 2464 4102 vitanda
2531 4057 2770 4102 earum

878 4135 1425 4212 conversatione,
1460 4144 1532 4200 et
1568 4136 1652 4200 de
1698 4137 2128 4201 districtione
2173 4157 2507 4213 censurae,
2538 4138 2597 4200 si
2633 4123 2770 4201 sta-

875 4241 1033 4297 tuta
1085 4237 1498 4316 transgressi
1540 4235 1817 4300 fuerint.
1920 4235 1967 4300 J
1974 4239 2274 4301 urabunt
2310 4236 2771 4302 archidiaconi
