3107 5054
838 525 1226 576 rmnau'ru
1280 526 1838 580 wiconrunusm.
2171 517 2304 584 235

393 684 689 749 mediam
754 683 1383 769 Quadragesimam
1458 687 1534 769 [4
1601 687 1840 770 Man,]
1914 691 2294 758 exercitum
2319 668 2524 748 rma..
2525 710 2582 749 ud

390 790 639 850 contra
665 804 898 868 regem
922 787 1143 850 movit
1170 785 1608 869 Arragoniaen,
1628 789 1777 872 qui,
1809 795 1954 853 tam
1987 793 2296 857 terrestri
2317 759 2522 848 w&

392 891 464 948 et
499 885 735 950 navali
769 885 1017 968 proelio
1048 905 1259 969 quam
1290 887 1503 952 etiam
1550 887 1784 952 inedia
1828 907 2036 972 quam
2080 891 2292 972 pluri·
2317 859 2459 910 pum„
2477 859 2562 899 m

391 986 521 1049 bus
552 1005 836 1050 suorum
866 984 1323 1068 consumptiS,
1358 987 1508 1050 suis
1544 987 1978 1070 occupatus)
2012 990 2290 1056 tandem

392 1085 579 1168 apud
624 1085 977 1151 civitatem
1014 1085 1543 1168 Pampelonam,
1572 1086 1990 1170 dysenteriae
2027 1089 2289 1158 incom-

390 1184 620 1262 modo,
642 1183 826 1249 viam
854 1185 1199 1249 universae
1228 1186 1457 1250 carnis
1496 1186 1852 1268 ingressus
1879 1196 2010 1254 est.
2118 1189 2290 1255 Cor-

316 1357 333 1374 ,ι
389 1303 521 1366 pus
580 1301 747 1349 vero
794 1285 979 1366 regis
1024 1285 1212 1367 apud
1254 1284 1589 1351 Sanctum
1641 1286 2078 1371 Dionysium,
2133 1309 2292 1354 cum

388 1383 945 1467 progenitoribus
998 1385 1169 1462 suis,
1228 1383 1342 1448 die
1402 1385 1475 1450 S.
1522 1385 1818 1451 Martini
1867 1385 1987 1472 [11
2041 1387 2292 1472 Nov.],

389 1483 791 1548 solemniter
818 1490 928 1548 est
958 1484 1402 1549 tumulatum.
1487 1485 1824 1564 Thomas,
1851 1487 2040 1570 prior
2067 1489 2290 1554 eccle-

389 1583 512 1648 siae
575 1582 837 1648 Christi
896 1583 1324 1662 cantuariae,
1398 1583 1641 1666 vigilia
1705 1586 2108 1652 Palmarum
2169 1585 2290 1672 [17

390 1682 638 1768 Mar.],
668 1682 855 1766 apud
904 1681 1689 1767 Bellum-locum·regis,
1730 1685 2140 1751 monachum
2183 1689 2290 1752 in-

389 1783 541 1846 duit
571 1782 1143 1864 Cisteroiensem,
1126 1803 1143 1821 ·
1196 1780 1309 1847 cui
1338 1783 1672 1849 successit
1698 1784 1770 1848 H
1776 1803 2069 1862 enricus
2101 1787 2286 1870 ejus·

389 1881 545 1946 dem
623 1881 759 1946 loci
822 1881 1317 1947 thesaurarius,
1446 1884 1790 1948 Dominus
1850 1903 2035 1967 papa
2095 1886 2330 1989 apud
2311 1896 2424 1950 Ροιιο
2444 1901 2606 1942 Martia

393 1981 754 2045 Petusium
811 1999 906 2046 lv.
957 1979 1100 2046 kal.
1160 1980 1426 2066 Aprilis
1484 1983 1605 2064 [29
1653 1984 1870 2098 Man]
1929 1984 2092 2048 vitae
2145 1993 2284 2050 ter·
2339 1951 2386 1990 γ’
2459 1979 2496 1999 ’

390 2073 652 2144 minum
698 2080 884 2158 fecit,
926 2079 1243 2163 sepultus
1299 2082 1552 2146 ibidem
1600 2083 1822 2166 primo
1872 2084 1986 2147 die
2029 2084 2284 2150 mensis

390 2180 742 2264 ejusdem3
768 2181 1185 2263 vacavitque
1208 2181 1407 2245 sedes
1430 2181 1673 2246 diebus
1686 2181 2072 2268 [quatuor].
2077 2181 2103 2216 ²
2149 2183 2328 2248 Cui·
2307 2199 2540 2292 Hmfflffl
2554 2201 2610 2250 by

390 2281 727 2346 successit
770 2279 1087 2344 dominus
1136 2279 1185 2343 J
1190 2282 1449 2344 acobus
1494 2280 1582 2344 de
1641 2282 1946 2360 Sabella,
2003 2282 2280 2348 Sanctae
2308 2298 2386 2338 IV

388 2379 639 2444 Mariae
684 2379 759 2444 in
799 2378 1155 2444 Cosmidin
1206 2379 1540 2445 diaconus
1579 2382 1972 2460 cardinalis,
2017 2381 2278 2448 dictus-

385 2496 523 2563 que
555 2486 666 2546 est
696 2479 1054 2545 Honorius
1089 2477 1225 2545 IV.

486 2581 828 2646 Dominus
864 2598 989 2646 rex
1008 2578 1209 2663 ‘cepit
1238 2580 1642 2663 scutagium
1676 2597 1800 2646 xi..
1837 2579 2042 2647 solid.
2071 2601 2282 2667 super
2306 2597 2549 2648 Aaoutaae-

384 2686 661 2744 scutum
719 2700 845 2763 pro
907 2679 1219 2744 exercitu
1255 2679 1562 2757 Walliae,
1611 2680 1860 2744 ultimo
1901 2683 2277 2764 praeterito.

386 2774 733 2845 Dominus
758 2798 909 2857 rex,
938 2798 1095 2843 cum
1128 2779 1355 2862 capite
1388 2778 1460 2843 S.
1494 2779 1754 2857 David,
1785 2780 1907 2863 qui
1939 2787 2013 2845 et
2032 2781 2280 2864 Dewy,

383 2885 454 2943 et
512 2880 673 2945 aliis
716 2879 1028 2962 reliquiis
1083 2897 1317 2943 secum
1374 2878 1765 2962 apportatis
1813 2899 1856 2943 a
1899 2880 2185 2957 wallia,
2235 2898 2282 2945 a

384 2978 593 3045 Tui-ri
674 2976 1052 3043 Londoniae
1130 2998 1351 3061 usque
1426 2976 1514 3042 ad
1581 2980 2282 3045 westmonasterium

381 3078 758 3147 solemnem
800 3078 967 3143 fecit
1009 3078 1541 3161 processionem.
1648 3078 1830 3145 Duae
1868 3079 2076 3157 lunae,
2121 3096 2278 3145 vm.

378 3178 535 3243 idus
568 3176 745 3243 Maii
778 3175 855 3264 [8
874 3173 1127 3261 Maii]·
1110 3224 1129 3256 ,
1162 3178 1234 3241 in
1266 3176 1646 3241 Suffolchia
1671 3177 1854 3242 acies
1887 3177 2280 3243 bellatrices

378 3278 451 3341 in
482 3296 643 3343 aere
687 3283 1183 3362 apparuerunt.
1287 3275 1558 3340 Habito
1605 3276 2040 3360 parlamento
2089 3277 2280 3361 apud
2302 3293 2514 3384 ggagug-

379 3377 1101 3453 westmonasterium,
1128 3376 1199 3440 in
1230 3376 1410 3440 festo
1440 3375 1515 3439 S.
1540 3374 1592 3441 J
1595 3376 1885 3440 ohannis
1911 3374 2032 3461 [24
2045 3374 2093 3441 J
2100 3397 2217 3441 un
2222 3374 2280 3461 ],
2302 3393 2380 3483 twe
2381 3393 2511 3433 ιιιιιιιι

377 3477 697 3543 dominus
744 3495 872 3541 rex
938 3476 1161 3541 multa
1211 3474 1560 3541 'ordinavit
1601 3482 1694 3541 et
1727 3476 2066 3559 publicari
2116 3448 2345 3541 fecitte

374 3584 670 3655 statuta,
696 3578 884 3642 inter
910 3595 1069 3659 quae
1113 3575 1467 3653 nonnulla,
1503 3583 1586 3641 ut
1628 3576 1944 3658 pluribus
1979 3576 2280 3653 videtur,

372 3686 539 3742 sunt
599 3678 920 3743 ordinata
976 3675 1531 3760 jurisdictionem
1611 3675 2148 3741 ecclesiasticam
2209 3677 2282 3740 in

372 3796 633 3861 magna
660 3778 771 3842 sui
801 3783 1003 3859 parte
1034 3781 1466 3841 evacuatam.
1472 3772 1499 3809 ³
1558 3773 1692 3838 Ille
1719 3776 2036 3851 trufator‚
2064 3776 2186 3858 qui
2207 3794 2284 3852 se
2307 3791 2399 3831 'rho
2375 3802 2490 3841 epse
2465 3792 2593 3832 eno-d

2305 3852 2499 3934 bmpzmr

445 3942 463 3974 ¹
499 3944 817 4009 Occuponem]
842 3944 958 3996 MS.
984 3943 1302 4006 ‘Roccupata
1422 3923 1744 4008 'Quotam-Q
1781 3942 1898 3993 Lei}
1925 3942 2127 3994 blank·
2111 3957 2166 3992 ιιι
2197 3943 2283 3993 the

364 4014 473 4065 The
512 4016 751 4079 integrity
783 4014 843 4064 of
870 4014 957 4063 the
990 4014 1158 4063 whole
1191 4029 1304 4064 sen·
1353 4012 1469 4064 MS.

366 4091 512 4135 tence
526 4100 693 4135 seems
716 4085 1086 4147 questionable.
1118 4084 1302 4134 ‘Pam-

365 4157 601 4218 pelonam
620 4152 635 4176 ’
658 4157 711 4205 in
742 4155 827 4203 the
862 4160 985 4204 next
1018 4155 1122 4204 line
1154 4156 1199 4203 is
1236 4170 1302 4204 an
1422 4151 1443 4181 ³
1476 4147 1816 4211 Evacuatam]
1853 4152 1966 4201 MS.
2011 4148 2284 4202 evacuati:

361 4241 501 4275 error
521 4225 599 4275 for
611 4225 918 4289 Perpignan‚
936 4224 1108 4273 where
1125 4224 1301 4288 Philip
1352 4228 1661 4292 evacuatura
1671 4228 1692 4271 ¹!

361 4296 449 4346 the
470 4292 657 4357 Hardy
676 4292 921 4346 breathed
941 4292 1025 4343 his
1046 4294 1163 4344 last.
