3107 5054
825 475 957 540 276
1324 485 1826 534 courmuxrio
1879 485 2232 532 cunonicl

505 667 769 760 {antecam-
916 645 1339 712 Coelestinus
1398 662 1608 726 papa,
1667 650 1896 706 status
1947 650 2020 707 et
2085 645 2316 708 aetatis
2371 662 2520 706 suae
2573 662 2742 707 con-

504 718 729 810 ιωιοιὶοι
827 746 1137 812 siderans
1190 743 1690 826 impotentiam,
1753 748 2094 807 statutum
2155 743 2394 820 edidit,
2443 749 2515 806 et
2573 761 2740 804 mox

830 867 877 912 a
916 845 1245 910 fratribus
1295 841 1669 926 approbari
1713 842 2136 926 procuravit,
2181 843 2366 925 quod
2418 842 2742 906 Romano

834 945 1163 1029 pontifici,
1186 943 1307 1026 qui
1332 961 1459 1025 pro
1482 951 1793 1024 tempore
1814 940 2046 1018 fuerit,
2075 941 2136 1004 si
2155 942 2290 1005 sibi
2319 942 2490 1006 utile
2517 942 2742 1004 visum

835 1045 1043 1110 suerit
1092 1052 1165 1108 et
1226 1049 1714 1125 opportunum,
1777 1061 1914 1104 suae
1977 1039 2304 1122 dignitati
2366 1041 2747 1122 resignare,

839 1156 910 1210 et
956 1143 1044 1208 ad
1080 1142 1393 1207 arctioris
1436 1140 1740 1206 instituti
1785 1140 2480 1223 contemplationisve
2523 1141 2746 1206 otium

842 1246 991 1310 sive
1054 1243 1359 1326 requiem
1434 1240 1598 1305 licet
1664 1239 2180 1321 transmigrare.
2303 1238 2467 1319 Quo
2537 1239 2748 1315 facto,

844 1363 999 1409 cum
1034 1361 1161 1425 per
1205 1359 1272 1406 v,
1304 1359 1598 1417 menses,
1631 1346 1703 1402 et
1755 1339 1902 1404 dies
1953 1356 2144 1414 ιιι,
2175 1341 2426 1403 summi
2471 1339 2750 1422 pontifi-

846 1450 1045 1506 catus
1088 1442 1355 1523 apicem
1386 1441 1870 1520 gubernasset,
1909 1437 2022 1502 die
2065 1438 2140 1502 S.
2172 1439 2410 1504 Luciae
2437 1438 2752 1520 Virginis

847 1541 967 1623 [13
1008 1540 1244 1622 Dec.],
1288 1539 1475 1620 apud
1520 1538 1916 1621 Neapolim,
1958 1538 2147 1603 sacta
2196 1540 2389 1621 prius
2436 1538 2752 1620 resigna-

847 1642 1059 1716 tione,
1098 1640 1183 1704 ad
1230 1639 1557 1703 dilectum
1608 1639 1740 1703 sibi
1789 1657 1936 1702 suae
1989 1639 2302 1720 pristinae
2355 1638 2756 1702 solitudinis

844 1740 1073 1805 locum
1109 1740 1461 1804 remeavit.
1569 1738 1674 1801 Eo
1717 1739 1935 1821 igitur
1977 1739 2078 1803 sic
2121 1739 2432 1815 cedente,
2474 1739 2758 1804 vacavit

846 1839 1046 1905 sedes
1082 1841 1405 1904 Romana
1447 1837 1690 1901 diebus
1721 1854 1827 1902 xl.
1934 1837 2314 1904 Undecimo
2361 1838 2576 1920 igitur
2619 1838 2756 1914 die,

850 1940 1089 2021 vigilia
1104 1939 1422 2004 videlicet
1442 1936 1725 2002 Natalis
1736 1937 2017 2002 Domini
2040 1939 2355 2020 proximo
2375 1939 2759 2020 sequentis,

850 2040 1113 2104 electus
1194 2047 1303 2102 est
1376 2036 1696 2100 dominus
1775 2036 2194 2101 Benedictus
2263 2035 2349 2101 de
2425 2035 2762 2119 Anagnia

852 2136 1208 2214 oriundus,
1262 2135 1449 2200 tituli
1496 2135 1570 2199 S.
1611 2135 1938 2200 Nicholai
1988 2136 2760 2202 in-Carcere—Tulliano

853 2238 1188 2302 diaconus
1220 2235 1614 2312 cardinalis,
1646 2234 2014 2320 dictusque
2047 2243 2155 2300 est
2189 2237 2370 2301 Boni
2395 2283 2630 2302 .....
2638 2231 2656 2268 ¹

551 2354 669 2396 ιι).
688 2355 805 2395 ιιοσ.
958 2338 1120 2402 Hoc
1144 2355 1353 2410 ann0‚
1375 2335 1717 2400 Dominus
1739 2353 1945 2418 papa,
1974 2355 2099 2419 pro
2125 2355 2296 2418 pace
2324 2336 2764 2400 reformanda

528 2419 832 2511 ᾑωῷιαῗξη.
854 2437 1037 2500 inter
1082 2454 1279 2516 reges
1340 2443 1409 2498 et
1457 2453 1674 2515 regna
1727 2433 2007 2516 Angliae
2059 2442 2130 2499 et
2184 2436 2524 2513 Franciae,
2573 2438 2764 2501 misit

531 2520 815 2611 &23³3
857 2537 1031 2601 duos
1086 2534 1471 2600 cardinales
1524 2536 1599 2598 in
1654 2534 2011 2616 Angh'am‚
2063 2536 2250 2600 viros
2306 2536 2763 2620 proculdubio

532 2622 609 2711 ἓξ
603 2622 731 2721 21⁸„ss
858 2635 1042 2699 omni
1102 2634 1445 2717 sapientia
1504 2642 1578 2699 et
1629 2633 1997 2716 prudentia
2055 2655 2362 2717 gnavos·
2346 2683 2364 2715 ,
2429 2638 2552 2718 qui
2601 2647 2763 2701 ante

533 2723 617 2762 ⁸¹¹⁶
635 2721 745 2761 ²¹⁸⁰
718 2730 811 2760 ¹¹⁶⁰·
856 2736 1109 2799 festum
1136 2735 1206 2801 S.
1232 2733 1887 2798 Petri-ad-Vincula
1911 2735 1986 2818 [1
2013 2734 2230 2816 Aug]
2255 2736 2765 2818 applicuerunt,

860 2842 931 2898 et
950 2834 1381 2898 Londoniam
1404 2842 1868 2898 accesserunt.
1974 2833 2246 2913 Quibus
2267 2836 2588 2899 dominus
2611 2858 2763 2913 rex,

858 2933 945 2995 de
1008 2932 1270 2997 Wallia
1318 2930 1616 3007 redienS,
1675 2933 2068 3017 subjugatis
2128 2933 2631 3012 Wallensibus,
2693 2947 2764 3000 et

860 3032 1043 3095 datis
1103 3029 1458 3095 obsidibus
1522 3050 1649 3113 pro
1712 3051 1884 3115 pace
1937 3033 2222 3098 firmiter
2277 3036 2349 3097 in
2409 3042 2760 3117 posterum

862 3130 1225 3207 servanda,
1260 3130 1464 3195 dictis
1502 3130 1970 3197 cardinalibus
2019 3132 2396 3197 Londoniae
2443 3138 2763 3213 occurrit,

862 3242 932 3299 et
958 3252 1077 3297 eos
1106 3231 1399 3313 benigne
1422 3236 1493 3295 et
1510 3230 1866 3295 curialiter
1893 3232 2172 3314 recepit,
2203 3233 2574 3316 citatisque
2604 3255 2762 3318 pro-

860 3333 1130 3398 ceribus
1144 3329 1417 3412 Anglioe
1436 3337 1509 3394 et
1524 3330 1971 3394 ecclesiarum
1988 3332 2298 3413 praelatis
2309 3351 2545 3397 coram
2563 3334 2766 3399 dictis

862 3428 1353 3505 cardinalibus,
1417 3428 1505 3492 ad
1567 3428 1978 3493 audiendum
2041 3431 2441 3497 mandatum
2505 3434 2765 3498 domini

862 3546 1088 3608 papae,
1154 3526 1656 3607 parlamentum
1717 3548 1920 3593 suum
1975 3529 2226 3595 ibidem
2289 3534 2554 3613 tenuit3
2649 3536 2764 3597 ubi

862 3626 929 3689 in
992 3624 1361 3708 praesentia
1426 3625 1683 3692 domini
1749 3629 1958 3710 regis,
2017 3649 2401 3712 procerum,
2461 3643 2534 3697 et
2587 3654 2763 3715 prae-

861 3725 1187 3803 latorum,
1277 3723 1659 3790 luculenter
1751 3728 2149 3793 mandatum
2223 3730 2483 3795 domini
2563 3745 2765 3815 papae

862 3845 1071 3908 super
1144 3826 1339 3909 pacis
1422 3826 1908 3891 reformatione
1985 3838 2483 3912 exposuerunt.
2618 3832 2765 3896 Au-

936 4039 951 4071 ¹
1007 4042 1071 4090 In
1115 4056 1148 4091 a
1193 4041 1327 4091 side·
1328 4046 1443 4091 note
1489 4042 1536 4091 is
1569 4043 1791 4094 added.
1840 4046 2271 4127 praedecessorem
2307 4061 2459 4097 suum
2481 4052 2769 4115 accersivit,

862 4112 958 4160 ‘ln
992 4126 1241 4161 summum
1277 4112 1567 4174 pontificem
1596 4113 1790 4163 electus
1840 4116 2114 4178 ipsumque
2159 4122 2314 4167 certae
2360 4121 2635 4182 custodiae,
2677 4122 2765 4171 ho-

864 4194 938 4231 11.
974 4181 1080 4231 kal.
1123 4182 1366 4231 Februar.
1409 4182 1499 4245 [22
1533 4182 1704 4245 Jan.,]
1738 4184 1791 4232 in
1841 4190 2000 4234 nestae
2032 4191 2222 4249 tamen,
2255 4190 2307 4235 in
2341 4191 2487 4238 curia
2515 4204 2613 4240 sua
2635 4206 2764 4240 com·

863 4251 989 4299 urbe
1011 4256 1090 4299 est
1123 4256 1409 4302 coronatus.
1482 4252 1590 4303 Qui
1619 4254 1791 4303 statim
1841 4255 2136 4305 mondavit?
