3107 5054
813 517 1200 566 annwrn
1249 516 1811 568 wlconmssnffls.
2137 502 2271 567 265

364 681 582 740 totam
627 675 984 739 civitatem
1033 676 1436 752 distractus,
1485 676 1757 740 demum
1809 675 2062 758 laqueo
2113 697 2267 740 sus-

367 793 622 858 pensus
665 775 951 840 interiit.
1057 775 1142 838 In
1191 776 1538 859 quindena
1582 775 1875 840 Paschae
1934 777 2009 858 [6
2060 773 2266 860 Apr.]

365 894 574 957 super
605 882 930 956 compoto
960 876 1078 940 W.
1116 875 1200 939 de
1247 875 1589 952 Redham,
1624 876 2046 940 vicecomitis
2080 876 2265 941 Nor-

366 973 552 1038 solch
608 981 678 1038 et
723 974 1053 1051 Suffolch,
1112 975 1430 1039 allocatae
1475 975 1754 1039 suerunt
1800 982 2013 1040 cartae
2059 976 2268 1040 liber-

368 1080 594 1138 tatum
645 1081 1038 1139 nostrarum
1101 1073 1190 1138 ad
1257 1075 1706 1151 scaccarium,
1774 1073 2269 1158 libertatesque

362 1172 436 1237 in
497 1173 636 1237 illis
697 1175 906 1238 cartis
967 1181 1333 1251 contentae,
1399 1192 1555 1257 quae
1604 1173 1941 1238 hactenus
1995 1194 2267 1239 reman-

363 1281 602 1338 serant
629 1272 1056 1350 indiscussae,
1087 1273 1396 1338 ccclesiae
1441 1280 1699 1338 nostrae
1742 1274 1816 1336 in
1856 1280 2267 1356 perpetuum

363 1374 747 1438 extiterunt
805 1373 1244 1458 adjudicatae.
1385 1371 1793 1457 Cujusmodi
1856 1382 2019 1438 sunt
2078 1371 2265 1438 com-

366 1473 602 1538 munia
665 1474 1197 1538 amerciamenta
1258 1473 1330 1537 in
1397 1473 1643 1537 itinere
1702 1472 2268 1556 justitiariorum,

368 1579 509 1637 tam
567 1574 651 1637 de
715 1574 1056 1656 homagiis
1108 1574 1364 1638 nostris
1418 1592 1625 1656 quam
1690 1574 1935 1637 alienis
1984 1574 2266 1657 quibus·

368 1691 665 1755 cunque,
707 1674 889 1738 infra
938 1675 1344 1738 libertatem.
1451 1673 1563 1737 De
1606 1674 1861 1737 nostris
1904 1692 2071 1738 vero
2116 1674 2267 1738 ubi-

368 1791 639 1854 cunque
681 1773 1006 1850 inventiS,
1059 1773 1426 1849 murderia,
1457 1777 1757 1848 vastum,
1804 1773 1983 1836 diem
2031 1780 2102 1837 et
2146 1792 2267 1836 an-

369 1892 558 1948 num,
593 1891 806 1953 quare
853 1892 990 1936 non
1018 1873 1228 1949 venit,
1269 1891 1484 1955 quare
1534 1871 1904 1954 sepeliunt,
1935 1873 2269 1936 amercia-

361 1979 606 2040 menta
633 1973 839 2036 etiam
882 1972 1232 2036 hominum
1276 1978 1669 2036 nostrorum
1710 1990 1941 2035 coram
1988 1973 2269 2054 quibus·

369 2090 638 2153 cunque
682 2071 1077 2155 justitiariis
1126 2073 1312 2154 regis
1371 2072 1907 2153 assignatorum,
1964 2091 2269 2153 quocun-

371 2191 508 2255 que
536 2171 842 2235 locorum
883 2171 1158 2236 fuerunt
1203 2172 1583 2248 amerciati,
1619 2171 1901 2248 catalla,
1942 2170 2267 2236 felonium

371 2278 443 2334 et
513 2269 983 2352 fugitivorum,
1049 2290 1304 2336 annum
1375 2278 1447 2335 et
1517 2279 1817 2347 vastum,
1887 2277 1956 2335 et
2019 2278 2273 2335 caetera

372 2369 810 2454 hujusmodi3
863 2391 1075 2435 unum
1129 2372 1391 2448 statim,
1437 2371 1523 2434 de
1580 2369 1688 2434 his
1735 2390 1891 2453 quae
1938 2370 2270 2435 hactenus

372 2471 773 2548 extiterant,
801 2471 1095 2537 indivisa
1125 2489 1238 2536 nc.
1274 2478 1346 2536 et
1379 2487 1502 2535 xi„
1537 2471 1693 2537 libr.
1726 2471 1960 2536 abbati
1992 2471 2270 2537 fuerunt

366 2570 706 2635 allocatae.

463 2671 998 2736 occurrentibus
1044 2673 1318 2737 domino
1361 2674 1506 2755 regi
1555 2671 1829 2754 Anglioe
1872 2672 2270 2755 proceribus
2296 2688 2483 2779 2331·ss

375 2772 571 2852 regni
615 2771 894 2849 Scotiae,
939 2780 1148 2856 prout
1192 2792 1372 2838 anno
1412 2772 1828 2855 praecedenti
1873 2771 2266 2836 condictum
2425 2767 2453 2779 ”

371 2868 625 2949 fuerat,
676 2872 748 2935 in
807 2872 1111 2938 crastino
1163 2873 1234 2937 S.
1278 2872 1642 2937 Trinitatis
1703 2869 1779 2957 [2
1827 2872 1875 2935 J
1881 2871 2031 2958 un.]
2086 2871 2267 2954 apud

374 2970 780 3055 Berewych,
823 2971 909 3035 de
953 2974 1233 3054 negotio
1285 2974 1478 3053 regni
1524 2972 1800 3049 Scotiae,
1855 2992 1967 3035 res
2014 2978 2120 3035 est
2171 2973 2273 3036 ita

376 3071 766 3152 protelata3
835 3073 1017 3154 quod
1064 3074 1138 3136 in
1182 3073 1528 3156 quindena
1580 3072 1650 3135 S.
1699 3072 2067 3136 Michaelis
2114 3091 2274 3154 pro-

375 3170 566 3235 ximo
631 3171 1119 3255 subsequentis
1181 3174 1367 3248 anni,
1424 3191 1547 3254 per
1606 3171 1992 3234 antedictos
2056 3170 2273 3253 ipsius

375 3272 641 3353 negotii
683 3271 1004 3349 arbitroS,
1039 3278 1159 3336 aut
1203 3272 1409 3335 alicui
1454 3277 1663 3334 certae
1708 3288 2019 3352 personae
2053 3269 2275 3350 ipsius

376 3372 574 3451 regni
597 3371 974 3435 dominium
994 3371 1527 3455 adjudicabitur,
1557 3376 1681 3433 aut
1714 3368 1798 3433 ad
1830 3368 2050 3451 ipsius
2082 3369 2274 3449 regni

377 3471 682 3552 regimen
739 3492 864 3553 per
915 3472 1098 3553 regis
1131 3469 1408 3553 Angliae
1453 3468 2067 3534 considerationem
2114 3487 2276 3551 pro-

381 3570 747 3634 videbitur.
836 3571 1297 3636 Venientibus
1351 3571 1568 3653 igitur
1624 3590 1708 3635 eo
1772 3576 2078 3652 tempore
2140 3568 2277 3632 illis

377 3672 697 3751 superius
741 3670 1132 3749 nominatiS,
1178 3672 1428 3753 quibus
1475 3668 1646 3734 illud
1690 3670 2043 3750 negotium
2089 3687 2276 3732 com-

377 3770 664 3833 missum
695 3769 924 3833 fuerat
953 3770 1483 3845 discutiendum,
1515 3787 1656 3831 una
1699 3787 1852 3831 cum
1887 3767 2109 3830 tribus
2138 3766 2279 3829 illis

375 3870 691 3951 partibus
735 3869 1055 3951 superius
1099 3869 1466 3933 nominatis
1512 3869 1583 3931 in
1620 3886 1832 3947 regno
1867 3865 2121 3929 Scotiae
2156 3863 2278 3947 jus

374 3968 509 4031 sibi
564 3969 1092 4045 vindicantibus,
1167 3969 1374 4051 plane
1433 3967 1961 4031 determinatum
2025 3973 2132 4028 est
2189 3965 2276 4028 ab
2301 3981 2394 4020 'rho
2410 3980 2533 4031 kinz-

2302 4033 2401 4070 dom
2418 4032 2491 4070 sd·

379 4067 665 4145 eisdem,
695 4068 1128 4133 dominorum
1167 4069 1260 4133 R.
1294 4068 1379 4131 de
1409 4067 1593 4130 Brus
1638 4072 1706 4129 et
1742 4066 1813 4129 J.
1845 4064 1929 4128 de
1966 4062 2277 4145 Hasting
2296 4081 2517 4171 stiffi-‘⁰

380 4168 794 4232 calumniam
826 4168 1089 4233 irritam
1125 4187 1278 4231 esse
1307 4168 1555 4230 debere
1589 4172 1661 4229 et
1690 4165 1989 4241 inanem,
2023 4163 2277 4245 unique
2303 4181 2466 4229 Baluol,

378 4266 425 4331 J
431 4267 687 4333 ohanni
734 4268 821 4332 de
863 4268 1192 4351 Baylloll,
1236 4276 1569 4350 tanquam
1610 4266 1949 4347 sanguine
1994 4262 2274 4347 propin-
