3107 5054
847 498 1231 546 FLORRNTH
1283 499 1847 548 wmoRNIRNSIS.
2160 487 2293 554 275

389 671 744 731 corruens,
793 656 1115 738 spiritum
1175 657 1472 736 efflavit3
1542 658 1907 740 elatusque
1954 666 2062 723 est
2102 661 2285 741 apud

387 751 716 817 Sanctum
761 755 1086 832 Paulum,
1123 764 1196 821 et
1253 757 1342 821 ad
1391 764 1627 840 patres
1674 777 1840 822 suos
1898 760 2281 840 appositus.

390 851 801 932 WallenseS‚
835 863 1108 938 tempus
1155 868 1396 938 aptum
1443 864 1513 920 et
1558 865 2023 938 opportunum
2066 879 2143 922 se
2176 861 2281 923 in·
2308 875 2599 968 ffibsseiffid

386 953 658 1016 venisse
709 955 1150 1032 arbitranteS,
1196 957 1372 1020 duce
1418 957 1715 1038 quodam
1765 957 2141 1023 Mereduco
2190 962 2281 1024 ab
2550 958 2560 969 '

390 1041 742 1130 Lewelini,
781 1055 931 1136 regi
967 1053 1244 1136 Angliae
1278 1054 1449 1121 facti
1473 1057 1791 1132 rebelles,
1828 1065 1900 1121 et
1934 1059 2281 1124 Snowdon

382 1151 816 1231 invadente-⁰„
883 1154 1138 1218 multos
1203 1155 1292 1218 de
1358 1157 1541 1236 regis
1604 1153 1881 1238 Angliae
1960 1157 2279 1223 fidelibus

381 1251 630 1315 ibidem
683 1255 1004 1318 inventos
1066 1254 1617 1332 trucidaverunt,
1668 1266 1739 1320 et
1789 1257 1969 1320 male
2013 1265 2275 1322 tracta·

381 1358 654 1429 verunt,
709 1354 1001 1418 castella
1050 1355 1562 1433 subverterunt,
1617 1353 1893 1438 aliaque
1943 1355 2277 1422 deformia

381 1460 454 1514 et
487 1453 815 1529 enormia,
857 1454 930 1517 in
977 1461 1442 1535 contemptum
1473 1463 1544 1519 et
1576 1455 2008 1536 dispendium
2054 1457 2275 1538 ipsius

381 1551 588 1631 regis,
661 1572 787 1635 per
853 1560 1072 1617 totam
1144 1553 1472 1618 Walliam
1537 1556 1805 1636 operati
1879 1563 2063 1620 sunt.
2187 1557 2271 1620 In
2300 1543 2544 1624 Asubssdy-

377 1652 678 1716 crastino
713 1652 784 1715 S.
819 1638 1107 1716 Martini
1155 1648 1280 1740 [12
1311 1650 1569 1743 Nov,],
1608 1654 1792 1736 apud
1823 1655 2271 1721 Wcstmona·

374 1751 658 1813 sterium
710 1771 1041 1816 concessa
1080 1762 1189 1816 est
1233 1754 1381 1833 regi
1436 1773 1480 1816 a
1522 1753 1781 1836 populo
1824 1753 2054 1818 laicali
2096 1755 2273 1820 dena

377 1850 682 1914 omnium
733 1852 1066 1916 bonorum
1117 1872 1396 1916 suorum
1447 1854 1520 1915 in
1571 1853 1952 1916 subsidium
2001 1873 2269 1934 guerrae

375 1967 548 2024 suae,
585 1957 729 2013 tam
759 1951 1050 2016 Gallicae
1081 1971 1284 2033 quam
1314 1951 1653 2016 Wallicae.
1758 1951 1849 2014 In
1870 1953 2269 2017 civitatibus

375 2067 566 2124 vero,
613 2051 872 2132 burgis,
925 2052 1220 2132 aliisque
1270 2052 1456 2133 regis
1505 2051 1827 2115 dominiis
1874 2051 2268 2117 habitantes

371 2147 462 2209 ad
497 2157 794 2228 sextum,
827 2150 1082 2232 aliique
1117 2157 1532 2214 mercatores
1566 2150 1732 2214 alibi
1764 2159 2267 2216 commorantes

375 2247 460 2310 ad
521 2251 913 2330 septimum,
963 2252 1417 2315 communitas
1457 2270 1627 2314 vero
1685 2249 1953 2332 reliqua
2004 2250 2094 2314 ad
2146 2251 2265 2315 de-

373 2347 625 2411 cimum
688 2351 916 2414 taxati
977 2358 1142 2414 sunt
1195 2351 1577 2414 denarium.
1682 2349 1878 2414 Villa
1928 2351 2139 2413 etiam
2192 2350 2263 2417 S.

375 2445 763 2512 Eadmundi
795 2451 864 2513 in
894 2467 1036 2532 qua
1059 2449 1392 2514 hactenus
1423 2448 1655 2513 nullus
1686 2449 2001 2531 minister
2029 2449 2263 2531 regius

374 2564 418 2609 a
469 2555 777 2631 tempore
819 2550 1219 2615 libertatum
1263 2550 1484 2631 primo
1536 2548 1737 2614 nobis
1780 2570 2263 2615 concessarum

369 2646 672 2729 aliquam
758 2668 1080 2714 exercere
1180 2650 1621 2731 praesumpsit
1683 2649 2261 2732 jurisdictionem,

371 2764 496 2827 per
537 2766 932 2813 communes
976 2749 1224 2831 patriae
1280 2755 1639 2813 taxatores
1682 2749 1755 2811 in
1800 2748 2093 2824 Tolbus,
2139 2768 2261 2830 pu-

373 2845 552 2910 blico
604 2846 925 2913 videlicet
961 2848 1146 2913 villae
1189 2848 1366 2925 loco,
1408 2848 1817 2925 residentes,
1851 2856 1921 2912 et
1964 2849 2260 2929 burgen-

369 2946 560 3009 sibus
582 2946 840 3029 juratis
893 2948 1224 3013 articulos
1265 2948 1775 3024 contradenteS,
1817 2956 1924 3012 est
1971 2955 2261 3027 taxata;

369 3064 414 3108 a
445 3064 732 3127 quorum
781 3049 1273 3112 communitate
1315 3048 1693 3111 servientes
1740 3057 2014 3112 nostros
2043 3067 2265 3129 neque

368 3164 574 3226 prece
632 3165 855 3228 neque
916 3148 1164 3229 pretio,
1215 3145 1391 3229 proh
1455 3146 1679 3221 dolor,
1736 3146 2083 3210 ullatenus
2142 3167 2263 3228 po-

369 3244 627 3307 tuimus
658 3245 1006 3312 vellicare.
1107 3246 1222 3309 Sic
1258 3252 1490 3310 tamen
1538 3244 1803 3327 quievit
1842 3263 1977 3320 res,
2008 3251 2088 3307 ut
2136 3263 2264 3325 pro

369 3352 679 3425 tempore
745 3346 997 3422 futuro,
1051 3352 1384 3429 quantum
1450 3344 1538 3407 ad
1592 3344 1944 3409 libertates
1990 3350 2263 3407 nostras

367 3442 494 3506 has
557 3450 628 3507 et
675 3444 850 3508 alias
903 3444 1238 3509 hactenus
1302 3445 1575 3508 habitas
1636 3452 1709 3507 et
1761 3444 2081 3520 usitatas,
2143 3462 2266 3525 per

367 3541 498 3605 hoc
531 3544 602 3605 in
633 3553 989 3625 posterum
1029 3562 1471 3627 nequaquam
1517 3543 1821 3625 aliquale
1854 3544 2055 3607 nobis
2084 3562 2262 3626 prae-

358 3640 698 3724 judicium
752 3653 1164 3725 generetur;
1234 3654 1306 3708 et
1351 3663 1561 3725 super
1605 3642 1765 3721 hoc,
1817 3652 2012 3708 carta
2066 3643 2264 3706 nobis

365 3760 696 3806 concessa
736 3753 842 3807 est
888 3743 1232 3834 specialis.
1343 3742 1715 3806 Exercitus
1766 3741 2037 3806 navalis
2082 3741 2264 3820 regis

365 3838 645 3923 Angliae
695 3861 916 3925 nuper
969 3842 1394 3907 Gasconiam
1445 3843 1772 3916 directuS,
1830 3838 2135 3905 castellis
2196 3846 2266 3902 et

365 3942 568 4003 terris
637 3940 986 4023 aliquibus
1041 3942 1332 4006 viriliter
1418 3943 1643 4023 captis
1717 3947 1787 4003 et
1848 3936 2264 4022 subjugatiS,

362 4040 772 4106 mirabiliter
822 4042 894 4105 in
941 4043 1136 4105 brevi
1189 4041 1649 4124 profecerunt.
1760 4039 1916 4103 Rex
1961 4037 2264 4119 Angliae,

359 4140 432 4201 in
481 4141 920 4221 expeditione
967 4160 1096 4204 sua
1143 4141 1469 4214 Wallica‚
1530 4139 1715 4221 apud
1770 4138 2263 4202 Aberconewei

367 4236 626 4302 Natale
662 4238 944 4304 Domini
979 4241 1372 4305 celebravit.

1818 4372 1848 4405 ‘r
1884 4361 1916 4406 2
