<?xml version="1.0" encoding="UTF-8"?>
<!DOCTYPE html PUBLIC "-//W3C//DTD XHTML 1.0 Transitional//EN"
    "http://www.w3.org/TR/xhtml1/DTD/xhtml1-transitional.dtd">
<html xmlns="http://www.w3.org/1999/xhtml" xml:lang="en" lang="en">
 <head>
  <title>
</title>
<meta http-equiv="Content-Type" content="text/html;charset=utf-8" />
  <meta name='ocr-system' content='tesseract 3.04.00' />
  <meta name='ocr-capabilities' content='ocr_page ocr_carea ocr_par ocr_line ocrx_word'/>
</head>
<body>
  <div class='ocr_page' id='page_1' title='image "./florentiiwigorn00evergoog_0124.png"; bbox 0 0 3107 5054; ppageno 0'>
   <div class='ocr_carea' id='block_1_1' title="bbox 788 476 2253 543">
    <p class='ocr_par' dir='ltr' id='par_1_1' title="bbox 788 476 2253 543">
     <span class='ocr_line' id='line_1_1' title="bbox 788 476 2253 543; baseline 0.003 -4"><span class='ocrx_word' id='word_1_1' title='bbox 788 492 1176 541; x_wconf 74' lang='lat' dir='ltr'><strong>rLoRENTu</strong></span> <span class='ocrx_word' id='word_1_2' title='bbox 1231 492 1789 542; x_wconf 75' lang='lat' dir='ltr'><strong>WIGORNIENSIS.</strong></span> <span class='ocrx_word' id='word_1_3' title='bbox 2126 476 2253 543; x_wconf 88' lang='grc'><strong>101</strong></span> 
     </span>
    </p>
   </div>
   <div class='ocr_carea' id='block_1_2' title="bbox 332 646 2454 736">
    <p class='ocr_par' dir='ltr' id='par_1_2' title="bbox 332 646 2454 736">
     <span class='ocr_line' id='line_1_2' title="bbox 332 646 2454 736; baseline -0.004 -19"><span class='ocrx_word' id='word_1_4' title='bbox 332 653 609 736; x_wconf 86' lang='lat' dir='ltr'><strong>phanus</strong></span> <span class='ocrx_word' id='word_1_5' title='bbox 645 652 975 735; x_wconf 86' lang='lat' dir='ltr'><strong>Angliam</strong></span> <span class='ocrx_word' id='word_1_6' title='bbox 1028 652 1257 730; x_wconf 82' lang='lat' dir='ltr'><strong>rediit,</strong></span> <span class='ocrx_word' id='word_1_7' title='bbox 1297 660 1369 715; x_wconf 91' lang='lat' dir='ltr'><strong>et</strong></span> <span class='ocrx_word' id='word_1_8' title='bbox 1403 652 1475 715; x_wconf 93' lang='lat' dir='ltr'><strong>in</strong></span> <span class='ocrx_word' id='word_1_9' title='bbox 1513 650 1911 716; x_wconf 85' lang='lat' dir='ltr'><strong>Nativitate</strong></span> <span class='ocrx_word' id='word_1_10' title='bbox 1959 646 2242 717; x_wconf 86' lang='lat' dir='ltr'><strong>Domini</strong></span> <span class='ocrx_word' id='word_1_11' title='bbox 2270 668 2454 719; x_wconf 78' lang='lat' dir='ltr'><strong>Stephen</strong></span> 
     </span>
    </p>
   </div>
   <div class='ocr_carea' id='block_1_3' title="bbox 2266 724 2499 759">
    <p class='ocr_par' dir='ltr' id='par_1_3' title="bbox 2266 724 2499 759">
     <span class='ocr_line' id='line_1_3' title="bbox 2266 724 2499 759; baseline 0 0"><span class='ocrx_word' id='word_1_12' title='bbox 2266 724 2436 759; x_wconf 72' lang='lat' dir='ltr'><strong>return·</strong></span> <span class='ocrx_word' id='word_1_13' title='bbox 2456 726 2499 759; x_wconf 82' lang='lat' dir='ltr'><strong>to</strong></span> 
     </span>
    </p>
   </div>
   <div class='ocr_carea' id='block_1_4' title="bbox 329 751 2475 835">
    <p class='ocr_par' dir='ltr' id='par_1_4' title="bbox 329 751 2475 835">
     <span class='ocr_line' id='line_1_4' title="bbox 329 751 2475 835; baseline -0.003 -20"><span class='ocrx_word' id='word_1_14' title='bbox 329 753 518 835; x_wconf 88' lang='lat' dir='ltr'><strong>apud</strong></span> <span class='ocrx_word' id='word_1_15' title='bbox 570 753 1112 835; x_wconf 87' lang='lat' dir='ltr'><strong>Dunstapolam,</strong></span> <span class='ocrx_word' id='word_1_16' title='bbox 1144 751 1380 817; x_wconf 88' lang='lat' dir='ltr'><strong>villam</strong></span> <span class='ocrx_word' id='word_1_17' title='bbox 1414 752 1762 834; x_wconf 88' lang='lat' dir='ltr'><strong>quandam</strong></span> <span class='ocrx_word' id='word_1_18' title='bbox 1794 752 1867 814; x_wconf 91' lang='lat' dir='ltr'><strong>in</strong></span> <span class='ocrx_word' id='word_1_19' title='bbox 1904 751 2241 817; x_wconf 88' lang='lat' dir='ltr'><strong>Bedsord-</strong></span> <span class='ocrx_word' id='word_1_20' title='bbox 2267 770 2475 820; x_wconf 61' lang='lat' dir='ltr'><strong>suanno.</strong></span> 
     </span>
    </p>
   </div>
   <div class='ocr_carea' id='block_1_5' title="bbox 329 852 1938 935">
    <p class='ocr_par' dir='ltr' id='par_1_5' title="bbox 329 852 1938 935">
     <span class='ocr_line' id='line_1_5' title="bbox 329 852 1938 935; baseline 0 -20"><span class='ocrx_word' id='word_1_21' title='bbox 329 854 480 915; x_wconf 89' lang='lat' dir='ltr'><strong>ensi</strong></span> <span class='ocrx_word' id='word_1_22' title='bbox 513 853 872 935; x_wconf 82' lang='lat' dir='ltr'><strong>provincia</strong></span> <span class='ocrx_word' id='word_1_23' title='bbox 901 854 1134 930; x_wconf 87' lang='lat' dir='ltr'><strong>sitam,</strong></span> <span class='ocrx_word' id='word_1_24' title='bbox 1164 853 1424 915; x_wconf 89' lang='lat' dir='ltr'><strong>curiam</strong></span> <span class='ocrx_word' id='word_1_25' title='bbox 1463 871 1661 915; x_wconf 88' lang='lat' dir='ltr'><strong>suam</strong></span> <span class='ocrx_word' id='word_1_26' title='bbox 1694 852 1938 915; x_wconf 91' lang='lat' dir='ltr'><strong>tenuit.</strong></span> 
     </span>
    </p>
   </div>
   <div class='ocr_carea' id='block_1_6' title="bbox 437 949 2550 1028">
    <p class='ocr_par' dir='ltr' id='par_1_6' title="bbox 437 949 2550 1028">
     <span class='ocr_line' id='line_1_6' title="bbox 437 949 2550 1028; baseline -0.003 -11"><span class='ocrx_word' id='word_1_27' title='bbox 437 952 916 1017; x_wconf 84' lang='lat' dir='ltr'><strong>Romanorum</strong></span> <span class='ocrx_word' id='word_1_28' title='bbox 983 968 1193 1015; x_wconf 75' lang='lat' dir='ltr'><strong>XCIX.</strong></span> <span class='ocrx_word' id='word_1_29' title='bbox 1260 952 1647 1028; x_wconf 81' lang='lat' dir='ltr'><strong>ConraduS‚</strong></span> <span class='ocrx_word' id='word_1_30' title='bbox 1716 952 1862 1015; x_wconf 83' lang='lat' dir='ltr'><strong>dux</strong></span> <span class='ocrx_word' id='word_1_31' title='bbox 1927 949 2241 1016; x_wconf 83' lang='lat' dir='ltr'><strong>Bawari-</strong></span> <span class='ocrx_word' id='word_1_32' title='bbox 2289 969 2550 1011; x_wconf 60' lang='lat' dir='ltr'><strong>Anum.</strong></span> 
     </span>
    </p>
   </div>
   <div class='ocr_carea' id='block_1_7' title="bbox 327 1050 2241 1235">
    <p class='ocr_par' dir='ltr' id='par_1_7' title="bbox 327 1050 2241 1235">
     <span class='ocr_line' id='line_1_7' title="bbox 329 1050 2240 1135; baseline 0.001 -20"><span class='ocrx_word' id='word_1_33' title='bbox 329 1071 554 1130; x_wconf 89' lang='lat' dir='ltr'><strong>orum,</strong></span> <span class='ocrx_word' id='word_1_34' title='bbox 613 1072 828 1135; x_wconf 88' lang='lat' dir='ltr'><strong>nepos</strong></span> <span class='ocrx_word' id='word_1_35' title='bbox 885 1052 1175 1116; x_wconf 78' lang='lat' dir='ltr'><strong>Hem-ici</strong></span> <span class='ocrx_word' id='word_1_36' title='bbox 1235 1052 1637 1134; x_wconf 80' lang='lat' dir='ltr'><strong>superioriS,</strong></span> <span class='ocrx_word' id='word_1_37' title='bbox 1690 1052 1809 1134; x_wconf 92' lang='lat' dir='ltr'><strong>qui</strong></span> <span class='ocrx_word' id='word_1_38' title='bbox 1876 1050 2120 1116; x_wconf 90' lang='lat' dir='ltr'><strong>habuit</strong></span> <span class='ocrx_word' id='word_1_39' title='bbox 2167 1054 2240 1117; x_wconf 89' lang='lat' dir='ltr'><strong>in</strong></span> 
     </span>
     <span class='ocr_line' id='line_1_8' title="bbox 327 1150 2241 1235; baseline 0.001 -21"><span class='ocrx_word' id='word_1_40' title='bbox 327 1152 841 1235; x_wconf 84' lang='lat' dir='ltr'>imperatricem</span> <span class='ocrx_word' id='word_1_41' title='bbox 876 1152 1091 1216; x_wconf 88' lang='lat' dir='ltr'><strong>filiam</strong></span> <span class='ocrx_word' id='word_1_42' title='bbox 1131 1152 1316 1233; x_wconf 89' lang='lat' dir='ltr'><strong>regis</strong></span> <span class='ocrx_word' id='word_1_43' title='bbox 1349 1152 1737 1233; x_wconf 89' lang='lat' dir='ltr'><strong>Anglorum</strong></span> <span class='ocrx_word' id='word_1_44' title='bbox 1787 1150 2102 1227; x_wconf 89' lang='lat' dir='ltr'><strong>Henrici‚</strong></span> <span class='ocrx_word' id='word_1_45' title='bbox 2131 1172 2241 1216; x_wconf 90' lang='lat' dir='ltr'><strong>re-</strong></span> 
     </span>
    </p>
   </div>
   <div class='ocr_carea' id='block_1_8' title="bbox 2263 1036 2533 1137">
    <p class='ocr_par' dir='ltr' id='par_1_8' title="bbox 2263 1036 2533 1137">
     <span class='ocr_line' id='line_1_9' title="bbox 2263 1036 2533 1077; baseline 0.011 -3"><span class='ocrx_word' id='word_1_46' title='bbox 2263 1036 2425 1075; x_wconf 72' lang='lat' dir='ltr'><strong>Conrad</strong></span> <span class='ocrx_word' id='word_1_47' title='bbox 2447 1038 2533 1077; x_wconf 86' lang='lat'><strong>111.</strong></span> 
     </span>
     <span class='ocr_line' id='line_1_10' title="bbox 2263 1097 2469 1137; baseline 0.015 -12"><span class='ocrx_word' id='word_1_48' title='bbox 2263 1097 2469 1137; x_wconf 83' lang='lat' dir='ltr'>emperor.</span> 
     </span>
    </p>
   </div>
   <div class='ocr_carea' id='block_1_9' title="bbox 330 1251 2525 1333">
    <p class='ocr_par' dir='ltr' id='par_1_9' title="bbox 330 1251 2525 1333">
     <span class='ocr_line' id='line_1_11' title="bbox 330 1251 2525 1333; baseline -0.002 -19"><span class='ocrx_word' id='word_1_49' title='bbox 330 1254 576 1333; x_wconf 84' lang='lat' dir='ltr'><strong>gnavit</strong></span> <span class='ocrx_word' id='word_1_50' title='bbox 606 1253 808 1315; x_wconf 84' lang='lat' dir='ltr'><strong>annis</strong></span> <span class='ocrx_word' id='word_1_51' title='bbox 848 1268 983 1317; x_wconf 78' lang='grc' dir='ltr'><strong>ΧΗ.</strong></span> <span class='ocrx_word' id='word_1_52' title='bbox 1093 1251 1277 1315; x_wconf 85' lang='lat' dir='ltr'><strong>Olim</strong></span> <span class='ocrx_word' id='word_1_53' title='bbox 1317 1253 1649 1333; x_wconf 89' lang='lat' dir='ltr'><strong>temporis</strong></span> <span class='ocrx_word' id='word_1_54' title='bbox 1700 1270 1873 1332; x_wconf 89' lang='lat' dir='ltr'><strong>gens</strong></span> <span class='ocrx_word' id='word_1_55' title='bbox 1916 1252 2233 1332; x_wconf 86' lang='lat' dir='ltr'><strong>quaedam</strong></span> <span class='ocrx_word' id='word_1_56' title='bbox 2260 1270 2525 1317; x_wconf 63' lang='lat' dir='ltr'><strong>murium„</strong></span> 
     </span>
    </p>
   </div>
   <div class='ocr_carea' id='block_1_10' title="bbox 315 1351 2321 4128">
    <p class='ocr_par' dir='ltr' id='par_1_10' title="bbox 315 1351 2321 4128">
     <span class='ocr_line' id='line_1_12' title="bbox 329 1351 2235 1434; baseline 0.001 -20"><span class='ocrx_word' id='word_1_57' title='bbox 329 1353 420 1415; x_wconf 92' lang='lat' dir='ltr'><strong>ab</strong></span> <span class='ocrx_word' id='word_1_58' title='bbox 475 1351 857 1434; x_wconf 78' lang='lat' dir='ltr'><strong>aquilonali</strong></span> <span class='ocrx_word' id='word_1_59' title='bbox 914 1358 1112 1434; x_wconf 89' lang='lat' dir='ltr'><strong>parte</strong></span> <span class='ocrx_word' id='word_1_60' title='bbox 1159 1353 1466 1428; x_wconf 79' lang='lat' dir='ltr'><strong>venienS,</strong></span> <span class='ocrx_word' id='word_1_61' title='bbox 1519 1351 1931 1433; x_wconf 82' lang='lat' dir='ltr'><strong>Turingiam</strong></span> <span class='ocrx_word' id='word_1_62' title='bbox 1978 1359 2235 1416; x_wconf 88' lang='lat' dir='ltr'><strong>terram</strong></span> 
     </span>
     <span class='ocr_line' id='line_1_13' title="bbox 327 1451 2237 1534; baseline 0.003 -21"><span class='ocrx_word' id='word_1_63' title='bbox 327 1451 762 1515; x_wconf 84' lang='lat' dir='ltr'><strong>incolendam</strong></span> <span class='ocrx_word' id='word_1_64' title='bbox 819 1454 1254 1534; x_wconf 83' lang='lat' dir='ltr'><strong>penetravit3</strong></span> <span class='ocrx_word' id='word_1_65' title='bbox 1301 1452 1502 1534; x_wconf 91' lang='lat' dir='ltr'><strong>cujus</strong></span> <span class='ocrx_word' id='word_1_66' title='bbox 1538 1460 1763 1518; x_wconf 75' lang='lat' dir='ltr'><strong>,terrae</strong></span> <span class='ocrx_word' id='word_1_67' title='bbox 1824 1452 2097 1529; x_wconf 83' lang='lat' dir='ltr'><strong>incolae,</strong></span> <span class='ocrx_word' id='word_1_68' title='bbox 2156 1462 2237 1519; x_wconf 89' lang='lat' dir='ltr'><strong>ut</strong></span> 
     </span>
     <span class='ocr_line' id='line_1_14' title="bbox 327 1552 2233 1635; baseline 0.002 -22"><span class='ocrx_word' id='word_1_69' title='bbox 327 1552 546 1633; x_wconf 89' lang='lat' dir='ltr'><strong>ipsius</strong></span> <span class='ocrx_word' id='word_1_70' title='bbox 614 1560 876 1615; x_wconf 85' lang='lat' dir='ltr'><strong>exterae</strong></span> <span class='ocrx_word' id='word_1_71' title='bbox 951 1560 1156 1615; x_wconf 88' lang='lat' dir='ltr'><strong>terrae</strong></span> <span class='ocrx_word' id='word_1_72' title='bbox 1231 1552 1530 1635; x_wconf 84' lang='lat' dir='ltr'><strong>populus</strong></span> <span class='ocrx_word' id='word_1_73' title='bbox 1608 1553 1985 1634; x_wconf 87' lang='lat' dir='ltr'><strong>expetiere,</strong></span> <span class='ocrx_word' id='word_1_74' title='bbox 2047 1552 2233 1616; x_wconf 89' lang='lat' dir='ltr'><strong>haud</strong></span> 
     </span>
     <span class='ocr_line' id='line_1_15' title="bbox 330 1651 2228 1734; baseline 0.003 -22"><span class='ocrx_word' id='word_1_75' title='bbox 330 1652 667 1715; x_wconf 86' lang='lat' dir='ltr'><strong>modicam</strong></span> <span class='ocrx_word' id='word_1_76' title='bbox 701 1651 813 1715; x_wconf 89' lang='lat' dir='ltr'><strong>sui</strong></span> <span class='ocrx_word' id='word_1_77' title='bbox 855 1651 1200 1716; x_wconf 86' lang='lat' dir='ltr'><strong>incolatus</strong></span> <span class='ocrx_word' id='word_1_78' title='bbox 1243 1652 1632 1734; x_wconf 92' lang='lat' dir='ltr'><strong>portionem</strong></span> <span class='ocrx_word' id='word_1_79' title='bbox 1666 1652 1766 1714; x_wconf 89' lang='lat' dir='ltr'><strong>illi</strong></span> <span class='ocrx_word' id='word_1_80' title='bbox 1802 1672 2228 1717; x_wconf 89' lang='lat' dir='ltr'><strong>concessere.</strong></span> 
     </span>
     <span class='ocr_line' id='line_1_16' title="bbox 329 1749 2231 1834; baseline 0.003 -22"><span class='ocrx_word' id='word_1_81' title='bbox 329 1749 570 1815; x_wconf 84' lang='lat' dir='ltr'><strong>Crevit</strong></span> <span class='ocrx_word' id='word_1_82' title='bbox 590 1751 888 1834; x_wconf 89' lang='lat' dir='ltr'><strong>populus</strong></span> <span class='ocrx_word' id='word_1_83' title='bbox 911 1758 983 1814; x_wconf 92' lang='lat' dir='ltr'><strong>et</strong></span> <span class='ocrx_word' id='word_1_84' title='bbox 1012 1751 1512 1833; x_wconf 84' lang='lat' dir='ltr'><strong>multiplicatus</strong></span> <span class='ocrx_word' id='word_1_85' title='bbox 1537 1758 1645 1814; x_wconf 87' lang='lat' dir='ltr'><strong>est</strong></span> <span class='ocrx_word' id='word_1_86' title='bbox 1672 1752 1892 1815; x_wconf 79' lang='lat' dir='ltr'><strong>nimis,</strong></span> <span class='ocrx_word' id='word_1_87' title='bbox 1986 1751 2231 1833; x_wconf 91' lang='lat' dir='ltr'><strong>Longo</strong></span> 
     </span>
     <span class='ocr_line' id='line_1_17' title="bbox 328 1849 2230 1934; baseline 0.001 -21"><span class='ocrx_word' id='word_1_88' title='bbox 328 1850 570 1932; x_wconf 87' lang='lat' dir='ltr'><strong>elapso</strong></span> <span class='ocrx_word' id='word_1_89' title='bbox 610 1859 918 1934; x_wconf 89' lang='lat' dir='ltr'><strong>tempore</strong></span> <span class='ocrx_word' id='word_1_90' title='bbox 953 1851 1256 1915; x_wconf 85' lang='lat' dir='ltr'><strong>debitam</strong></span> <span class='ocrx_word' id='word_1_91' title='bbox 1287 1850 1619 1932; x_wconf 88' lang='lat' dir='ltr'><strong>Turingis</strong></span> <span class='ocrx_word' id='word_1_92' title='bbox 1652 1849 2004 1932; x_wconf 86' lang='lat' dir='ltr'><strong>abnegant</strong></span> <span class='ocrx_word' id='word_1_93' title='bbox 2040 1852 2230 1915; x_wconf 91' lang='lat' dir='ltr'><strong>dedi-</strong></span> 
     </span>
     <span class='ocr_line' id='line_1_18' title="bbox 321 1951 2229 2030; baseline 0.001 -17"><span class='ocrx_word' id='word_1_94' title='bbox 321 1951 607 2015; x_wconf 84' lang='lat' dir='ltr'><strong>tionem.</strong></span> <span class='ocrx_word' id='word_1_95' title='bbox 717 1951 878 2030; x_wconf 84' lang='lat' dir='ltr'><strong>Qua</strong></span> <span class='ocrx_word' id='word_1_96' title='bbox 936 1951 1021 2014; x_wconf 89' lang='lat' dir='ltr'><strong>de</strong></span> <span class='ocrx_word' id='word_1_97' title='bbox 1078 1970 1154 2014; x_wconf 90' lang='lat' dir='ltr'><strong>re</strong></span> <span class='ocrx_word' id='word_1_98' title='bbox 1216 1971 1370 2014; x_wconf 90' lang='lat' dir='ltr'><strong>cum</strong></span> <span class='ocrx_word' id='word_1_99' title='bbox 1441 1951 1674 2028; x_wconf 75' lang='lat' dir='ltr'><strong>armi3‚</strong></span> <span class='ocrx_word' id='word_1_100' title='bbox 1724 1957 1801 2014; x_wconf 92' lang='lat' dir='ltr'><strong>ut</strong></span> <span class='ocrx_word' id='word_1_101' title='bbox 1853 1952 2063 2014; x_wconf 86' lang='lat' dir='ltr'><strong>moris</strong></span> <span class='ocrx_word' id='word_1_102' title='bbox 2118 1962 2229 2015; x_wconf 91' lang='lat' dir='ltr'><strong>est</strong></span> 
     </span>
     <span class='ocr_line' id='line_1_19' title="bbox 323 2050 2221 2133; baseline 0.001 -20"><span class='ocrx_word' id='word_1_103' title='bbox 323 2050 543 2113; x_wconf 92' lang='lat' dir='ltr'><strong>eidem</strong></span> <span class='ocrx_word' id='word_1_104' title='bbox 609 2052 818 2131; x_wconf 90' lang='lat' dir='ltr'><strong>genti,</strong></span> <span class='ocrx_word' id='word_1_105' title='bbox 883 2051 1289 2115; x_wconf 87' lang='lat' dir='ltr'><strong>convenitur</strong></span> <span class='ocrx_word' id='word_1_106' title='bbox 1356 2051 1704 2133; x_wconf 88' lang='lat' dir='ltr'><strong>utrinque,</strong></span> <span class='ocrx_word' id='word_1_107' title='bbox 1775 2060 1853 2113; x_wconf 90' lang='lat' dir='ltr'><strong>ut</strong></span> <span class='ocrx_word' id='word_1_108' title='bbox 1915 2050 2221 2115; x_wconf 90' lang='lat' dir='ltr'><strong>debitum</strong></span> 
     </span>
     <span class='ocr_line' id='line_1_20' title="bbox 322 2150 2223 2233; baseline 0 -20"><span class='ocrx_word' id='word_1_109' title='bbox 322 2151 649 2231; x_wconf 82' lang='lat' dir='ltr'><strong>exigatur</strong></span> <span class='ocrx_word' id='word_1_110' title='bbox 671 2158 741 2214; x_wconf 91' lang='lat' dir='ltr'><strong>et</strong></span> <span class='ocrx_word' id='word_1_111' title='bbox 772 2151 1232 2233; x_wconf 87' lang='lat' dir='ltr'><strong>persolvatur.</strong></span> <span class='ocrx_word' id='word_1_112' title='bbox 1325 2150 1411 2213; x_wconf 91' lang='lat' dir='ltr'><strong>Id</strong></span> <span class='ocrx_word' id='word_1_113' title='bbox 1441 2170 1609 2213; x_wconf 88' lang='lat' dir='ltr'><strong>sane</strong></span> <span class='ocrx_word' id='word_1_114' title='bbox 1640 2150 1851 2212; x_wconf 87' lang='lat' dir='ltr'><strong>semel</strong></span> <span class='ocrx_word' id='word_1_115' title='bbox 1876 2157 1946 2213; x_wconf 91' lang='lat' dir='ltr'><strong>et</strong></span> <span class='ocrx_word' id='word_1_116' title='bbox 1974 2152 2223 2214; x_wconf 89' lang='lat' dir='ltr'><strong>iterum</strong></span> 
     </span>
     <span class='ocr_line' id='line_1_21' title="bbox 321 2250 2223 2331; baseline 0.002 -19"><span class='ocrx_word' id='word_1_117' title='bbox 321 2251 470 2313; x_wconf 90' lang='lat' dir='ltr'><strong>sine</strong></span> <span class='ocrx_word' id='word_1_118' title='bbox 503 2251 786 2315; x_wconf 88' lang='lat' dir='ltr'><strong>vulnere</strong></span> <span class='ocrx_word' id='word_1_119' title='bbox 821 2258 1052 2314; x_wconf 90' lang='lat' dir='ltr'><strong>tamen</strong></span> <span class='ocrx_word' id='word_1_120' title='bbox 1083 2252 1447 2331; x_wconf 86' lang='lat' dir='ltr'><strong>agebatur,</strong></span> <span class='ocrx_word' id='word_1_121' title='bbox 1479 2251 1685 2313; x_wconf 89' lang='lat' dir='ltr'><strong>tertio</strong></span> <span class='ocrx_word' id='word_1_122' title='bbox 1717 2250 1865 2312; x_wconf 90' lang='lat' dir='ltr'><strong>sine</strong></span> <span class='ocrx_word' id='word_1_123' title='bbox 1892 2251 2103 2313; x_wconf 89' lang='lat' dir='ltr'><strong>armis</strong></span> <span class='ocrx_word' id='word_1_124' title='bbox 2134 2253 2223 2315; x_wconf 89' lang='lat' dir='ltr'><strong>ab</strong></span> 
     </span>
     <span class='ocr_line' id='line_1_22' title="bbox 327 2349 2223 2435; baseline 0.001 -23"><span class='ocrx_word' id='word_1_125' title='bbox 327 2359 620 2435; x_wconf 87' lang='lat' dir='ltr'><strong>utraque</strong></span> <span class='ocrx_word' id='word_1_126' title='bbox 678 2359 876 2432; x_wconf 91' lang='lat' dir='ltr'><strong>parte</strong></span> <span class='ocrx_word' id='word_1_127' title='bbox 937 2351 1066 2413; x_wconf 90' lang='lat' dir='ltr'><strong>sub</strong></span> <span class='ocrx_word' id='word_1_128' title='bbox 1118 2351 1311 2433; x_wconf 90' lang='lat' dir='ltr'><strong>pacis</strong></span> <span class='ocrx_word' id='word_1_129' title='bbox 1370 2349 1630 2414; x_wconf 87' lang='lat' dir='ltr'><strong>foedere</strong></span> <span class='ocrx_word' id='word_1_130' title='bbox 1689 2350 2053 2412; x_wconf 83' lang='lat' dir='ltr'><strong>convenire</strong></span> <span class='ocrx_word' id='word_1_131' title='bbox 2108 2350 2223 2413; x_wconf 91' lang='lat' dir='ltr'><strong>de-</strong></span> 
     </span>
     <span class='ocr_line' id='line_1_23' title="bbox 320 2447 2223 2534; baseline 0.001 -22"><span class='ocrx_word' id='word_1_132' title='bbox 320 2452 646 2515; x_wconf 88' lang='lat' dir='ltr'><strong>cernitur.</strong></span> <span class='ocrx_word' id='word_1_133' title='bbox 738 2447 1160 2513; x_wconf 88' lang='lat' dir='ltr'><strong>Exterorum</strong></span> <span class='ocrx_word' id='word_1_134' title='bbox 1187 2450 1488 2534; x_wconf 91' lang='lat' dir='ltr'><strong>plurima</strong></span> <span class='ocrx_word' id='word_1_135' title='bbox 1517 2448 1889 2513; x_wconf 88' lang='lat' dir='ltr'><strong>multitudo</strong></span> <span class='ocrx_word' id='word_1_136' title='bbox 1920 2450 2223 2514; x_wconf 90' lang='lat' dir='ltr'><strong>sentiens</strong></span> 
     </span>
     <span class='ocr_line' id='line_1_24' title="bbox 319 2550 2224 2632; baseline 0 -17"><span class='ocrx_word' id='word_1_137' title='bbox 319 2552 861 2617; x_wconf 88' lang='lat' dir='ltr'><strong>imbecillitatem</strong></span> <span class='ocrx_word' id='word_1_138' title='bbox 909 2551 1404 2632; x_wconf 82' lang='lat' dir='ltr'><strong>Turingorum,</strong></span> <span class='ocrx_word' id='word_1_139' title='bbox 1453 2558 1524 2614; x_wconf 92' lang='lat' dir='ltr'><strong>et</strong></span> <span class='ocrx_word' id='word_1_140' title='bbox 1572 2569 1699 2614; x_wconf 90' lang='lat' dir='ltr'><strong>nec</strong></span> <span class='ocrx_word' id='word_1_141' title='bbox 1757 2550 2045 2614; x_wconf 90' lang='lat' dir='ltr'><strong>consilio</strong></span> <span class='ocrx_word' id='word_1_142' title='bbox 2096 2571 2224 2616; x_wconf 91' lang='lat' dir='ltr'><strong>nec</strong></span> 
     </span>
     <span class='ocr_line' id='line_1_25' title="bbox 321 2650 2218 2732; baseline 0.002 -19"><span class='ocrx_word' id='word_1_143' title='bbox 321 2651 726 2716; x_wconf 88' lang='lat' dir='ltr'><strong>fortitudine</strong></span> <span class='ocrx_word' id='word_1_144' title='bbox 756 2651 933 2714; x_wconf 89' lang='lat' dir='ltr'><strong>bene</strong></span> <span class='ocrx_word' id='word_1_145' title='bbox 961 2651 1111 2732; x_wconf 91' lang='lat' dir='ltr'><strong>regi</strong></span> <span class='ocrx_word' id='word_1_146' title='bbox 1144 2657 1402 2715; x_wconf 88' lang='lat' dir='ltr'><strong>terram</strong></span> <span class='ocrx_word' id='word_1_147' title='bbox 1431 2651 1733 2726; x_wconf 91' lang='lat' dir='ltr'><strong>illorum,</strong></span> <span class='ocrx_word' id='word_1_148' title='bbox 1766 2650 2218 2716; x_wconf 85' lang='lat' dir='ltr'><strong>conveniunt:</strong></span> 
     </span>
     <span class='ocr_line' id='line_1_26' title="bbox 323 2749 2221 2832; baseline -0.001 -17"><span class='ocrx_word' id='word_1_149' title='bbox 323 2759 589 2815; x_wconf 89' lang='lat' dir='ltr'><strong>statuto</strong></span> <span class='ocrx_word' id='word_1_150' title='bbox 629 2752 740 2815; x_wconf 88' lang='lat' dir='ltr'><strong>die</strong></span> <span class='ocrx_word' id='word_1_151' title='bbox 782 2751 1098 2815; x_wconf 90' lang='lat' dir='ltr'><strong>condicto</strong></span> <span class='ocrx_word' id='word_1_152' title='bbox 1143 2750 1401 2832; x_wconf 90' lang='lat' dir='ltr'><strong>placito</strong></span> <span class='ocrx_word' id='word_1_153' title='bbox 1437 2770 1514 2813; x_wconf 90' lang='lat' dir='ltr'><strong>se</strong></span> <span class='ocrx_word' id='word_1_154' title='bbox 1559 2749 1910 2831; x_wconf 88' lang='lat' dir='ltr'><strong>ingerunt,</strong></span> <span class='ocrx_word' id='word_1_155' title='bbox 1944 2749 2013 2813; x_wconf 91' lang='lat' dir='ltr'><strong>in</strong></span> <span class='ocrx_word' id='word_1_156' title='bbox 2057 2771 2221 2814; x_wconf 89' lang='lat' dir='ltr'><strong>cau-</strong></span> 
     </span>
     <span class='ocr_line' id='line_1_27' title="bbox 325 2849 2223 2932; baseline -0.001 -18"><span class='ocrx_word' id='word_1_157' title='bbox 325 2851 533 2915; x_wconf 89' lang='lat' dir='ltr'><strong>telam</strong></span> <span class='ocrx_word' id='word_1_158' title='bbox 577 2859 646 2915; x_wconf 91' lang='lat' dir='ltr'><strong>et</strong></span> <span class='ocrx_word' id='word_1_159' title='bbox 683 2851 975 2915; x_wconf 91' lang='lat' dir='ltr'><strong>tutelam</strong></span> <span class='ocrx_word' id='word_1_160' title='bbox 1020 2850 1128 2914; x_wconf 88' lang='lat' dir='ltr'><strong>sui</strong></span> <span class='ocrx_word' id='word_1_161' title='bbox 1173 2851 1422 2930; x_wconf 87' lang='lat' dir='ltr'><strong>longos</strong></span> <span class='ocrx_word' id='word_1_162' title='bbox 1465 2849 1728 2914; x_wconf 89' lang='lat' dir='ltr'><strong>cultros</strong></span> <span class='ocrx_word' id='word_1_163' title='bbox 1778 2850 2223 2932; x_wconf 87' lang='lat' dir='ltr'><strong>invaginatos</strong></span> 
     </span>
     <span class='ocr_line' id='line_1_28' title="bbox 320 2949 2223 3032; baseline 0 -18"><span class='ocrx_word' id='word_1_164' title='bbox 320 2951 391 3014; x_wconf 91' lang='lat' dir='ltr'><strong>in</strong></span> <span class='ocrx_word' id='word_1_165' title='bbox 453 2950 861 3014; x_wconf 90' lang='lat' dir='ltr'><strong>abscondito</strong></span> <span class='ocrx_word' id='word_1_166' title='bbox 927 2970 1162 3014; x_wconf 90' lang='lat' dir='ltr'><strong>secum</strong></span> <span class='ocrx_word' id='word_1_167' title='bbox 1223 2956 1569 3032; x_wconf 86' lang='lat' dir='ltr'><strong>gerentes.</strong></span> <span class='ocrx_word' id='word_1_168' title='bbox 1676 2949 1853 3014; x_wconf 56' lang='lat' dir='ltr'><strong>Non⁴</strong></span> <span class='ocrx_word' id='word_1_169' title='bbox 1900 2950 1969 3012; x_wconf 92' lang='lat' dir='ltr'><strong>in</strong></span> <span class='ocrx_word' id='word_1_170' title='bbox 2026 2953 2223 3032; x_wconf 89' lang='lat' dir='ltr'><strong>pacis</strong></span> 
     </span>
     <span class='ocr_line' id='line_1_29' title="bbox 318 3049 2223 3132; baseline -0.002 -17"><span class='ocrx_word' id='word_1_171' title='bbox 318 3070 684 3127; x_wconf 89' lang='lat' dir='ltr'><strong>consensu,</strong></span> <span class='ocrx_word' id='word_1_172' title='bbox 733 3051 852 3114; x_wconf 89' lang='lat' dir='ltr'><strong>sed</strong></span> <span class='ocrx_word' id='word_1_173' title='bbox 903 3051 973 3113; x_wconf 89' lang='lat' dir='ltr'><strong>in</strong></span> <span class='ocrx_word' id='word_1_174' title='bbox 1025 3050 1450 3114; x_wconf 87' lang='lat' dir='ltr'><strong>dissensione</strong></span> <span class='ocrx_word' id='word_1_175' title='bbox 1502 3069 1763 3130; x_wconf 89' lang='lat' dir='ltr'><strong>magna</strong></span> <span class='ocrx_word' id='word_1_176' title='bbox 1815 3049 2223 3132; x_wconf 87' lang='lat' dir='ltr'><strong>placitatum</strong></span> 
     </span>
     <span class='ocr_line' id='line_1_30' title="bbox 317 3149 2223 3230; baseline -0.001 -16"><span class='ocrx_word' id='word_1_177' title='bbox 317 3160 446 3215; x_wconf 89' lang='lat' dir='ltr'><strong>est.</strong></span> <span class='ocrx_word' id='word_1_178' title='bbox 551 3151 739 3230; x_wconf 84' lang='lat' dir='ltr'><strong>Quid</strong></span> <span class='ocrx_word' id='word_1_179' title='bbox 797 3151 1078 3214; x_wconf 75' lang='lat' dir='ltr'><strong>multis‘l</strong></span> <span class='ocrx_word' id='word_1_180' title='bbox 1182 3149 1479 3230; x_wconf 88' lang='lat' dir='ltr'><strong>Turingi</strong></span> <span class='ocrx_word' id='word_1_181' title='bbox 1527 3150 1929 3225; x_wconf 81' lang='lat' dir='ltr'><strong>vincuntur,</strong></span> <span class='ocrx_word' id='word_1_182' title='bbox 1980 3156 2223 3212; x_wconf 86' lang='lat' dir='ltr'><strong>extera</strong></span> 
     </span>
     <span class='ocr_line' id='line_1_31' title="bbox 316 3248 2221 3333; baseline -0.003 -18"><span class='ocrx_word' id='word_1_183' title='bbox 316 3271 488 3333; x_wconf 91' lang='lat' dir='ltr'><strong>gens</strong></span> <span class='ocrx_word' id='word_1_184' title='bbox 554 3258 624 3314; x_wconf 92' lang='lat' dir='ltr'><strong>et</strong></span> <span class='ocrx_word' id='word_1_185' title='bbox 694 3250 901 3314; x_wconf 88' lang='lat' dir='ltr'><strong>effera</strong></span> <span class='ocrx_word' id='word_1_186' title='bbox 965 3250 1392 3332; x_wconf 88' lang='lat' dir='ltr'><strong>triumphat;</strong></span> <span class='ocrx_word' id='word_1_187' title='bbox 1442 3267 1603 3310; x_wconf 89' lang='lat' dir='ltr'><strong>nam</strong></span> <span class='ocrx_word' id='word_1_188' title='bbox 1654 3248 2016 3328; x_wconf 89' lang='lat' dir='ltr'><strong>longorum</strong></span> <span class='ocrx_word' id='word_1_189' title='bbox 2078 3249 2221 3311; x_wconf 87' lang='lat' dir='ltr'><strong>cul-</strong></span> 
     </span>
     <span class='ocr_line' id='line_1_32' title="bbox 315 3346 2213 3434; baseline -0.003 -20"><span class='ocrx_word' id='word_1_190' title='bbox 315 3359 582 3415; x_wconf 87' lang='lat' dir='ltr'><strong>trorum</strong></span> <span class='ocrx_word' id='word_1_191' title='bbox 607 3351 757 3434; x_wconf 92' lang='lat' dir='ltr'><strong>jam</strong></span> <span class='ocrx_word' id='word_1_192' title='bbox 791 3351 1318 3432; x_wconf 84' lang='lat' dir='ltr'><strong>evaginatorum</strong></span> <span class='ocrx_word' id='word_1_193' title='bbox 1350 3347 1711 3424; x_wconf 85' lang='lat' dir='ltr'><strong>exercitio,</strong></span> <span class='ocrx_word' id='word_1_194' title='bbox 1742 3348 1818 3410; x_wconf 88' lang='lat' dir='ltr'><strong>fit</strong></span> <span class='ocrx_word' id='word_1_195' title='bbox 1854 3348 1927 3410; x_wconf 92' lang='lat' dir='ltr'><strong>in</strong></span> <span class='ocrx_word' id='word_1_196' title='bbox 1970 3346 2213 3410; x_wconf 89' lang='lat' dir='ltr'><strong>Turin-</strong></span> 
     </span>
     <span class='ocr_line' id='line_1_33' title="bbox 320 3446 2221 3532; baseline -0.002 -17"><span class='ocrx_word' id='word_1_197' title='bbox 320 3471 448 3532; x_wconf 91' lang='lat' dir='ltr'><strong>gos</strong></span> <span class='ocrx_word' id='word_1_198' title='bbox 486 3471 624 3516; x_wconf 91' lang='lat' dir='ltr'><strong>non</strong></span> <span class='ocrx_word' id='word_1_199' title='bbox 673 3451 944 3514; x_wconf 91' lang='lat' dir='ltr'><strong>modica</strong></span> <span class='ocrx_word' id='word_1_200' title='bbox 990 3451 1348 3530; x_wconf 83' lang='lat' dir='ltr'><strong>sanguinis</strong></span> <span class='ocrx_word' id='word_1_201' title='bbox 1401 3448 1667 3512; x_wconf 86' lang='lat' dir='ltr'><strong>effusio.</strong></span> <span class='ocrx_word' id='word_1_202' title='bbox 1772 3446 1883 3510; x_wconf 86' lang='lat' dir='ltr'><strong>De</strong></span> <span class='ocrx_word' id='word_1_203' title='bbox 1913 3452 2101 3510; x_wconf 89' lang='lat' dir='ltr'><strong>terra</strong></span> <span class='ocrx_word' id='word_1_204' title='bbox 2149 3454 2221 3511; x_wconf 92' lang='lat' dir='ltr'><strong>et</strong></span> 
     </span>
     <span class='ocr_line' id='line_1_34' title="bbox 318 3546 2219 3632; baseline -0.002 -18"><span class='ocrx_word' id='word_1_205' title='bbox 318 3553 402 3614; x_wconf 92' lang='lat' dir='ltr'><strong>de</strong></span> <span class='ocrx_word' id='word_1_206' title='bbox 450 3550 864 3632; x_wconf 84' lang='lat' dir='ltr'><strong>cognatione</strong></span> <span class='ocrx_word' id='word_1_207' title='bbox 919 3570 1048 3613; x_wconf 85' lang='lat' dir='ltr'><strong>sua</strong></span> <span class='ocrx_word' id='word_1_208' title='bbox 1097 3549 1394 3630; x_wconf 87' lang='lat' dir='ltr'><strong>Turingi</strong></span> <span class='ocrx_word' id='word_1_209' title='bbox 1449 3546 1930 3630; x_wconf 88' lang='lat' dir='ltr'><strong>propelluntur</strong></span> <span class='ocrx_word' id='word_1_210' title='bbox 1976 3546 2219 3612; x_wconf 85' lang='lat' dir='ltr'><strong>incolae</strong></span> 
     </span>
     <span class='ocr_line' id='line_1_35' title="bbox 319 3647 2218 3732; baseline -0.001 -20"><span class='ocrx_word' id='word_1_211' title='bbox 319 3652 388 3713; x_wconf 92' lang='lat' dir='ltr'><strong>in</strong></span> <span class='ocrx_word' id='word_1_212' title='bbox 422 3650 841 3732; x_wconf 90' lang='lat' dir='ltr'><strong>ignominia:</strong></span> <span class='ocrx_word' id='word_1_213' title='bbox 891 3649 1033 3713; x_wconf 85' lang='lat' dir='ltr'><strong>fere</strong></span> <span class='ocrx_word' id='word_1_214' title='bbox 1066 3657 1218 3712; x_wconf 90' lang='lat' dir='ltr'><strong>tota</strong></span> <span class='ocrx_word' id='word_1_215' title='bbox 1247 3657 1430 3712; x_wconf 89' lang='lat' dir='ltr'><strong>terra</strong></span> <span class='ocrx_word' id='word_1_216' title='bbox 1461 3648 1734 3712; x_wconf 87' lang='lat' dir='ltr'><strong>illorum</strong></span> <span class='ocrx_word' id='word_1_217' title='bbox 1762 3647 1943 3710; x_wconf 88' lang='lat' dir='ltr'><strong>cedit</strong></span> <span class='ocrx_word' id='word_1_218' title='bbox 1968 3648 2218 3728; x_wconf 87' lang='lat' dir='ltr'><strong>quibus</strong></span> 
     </span>
     <span class='ocr_line' id='line_1_36' title="bbox 315 3746 2217 3814; baseline -0.001 -3"><span class='ocrx_word' id='word_1_219' title='bbox 315 3751 558 3814; x_wconf 89' lang='lat' dir='ltr'><strong>rotalis</strong></span> <span class='ocrx_word' id='word_1_220' title='bbox 626 3750 956 3813; x_wconf 84' lang='lat' dir='ltr'><strong>arriserat</strong></span> <span class='ocrx_word' id='word_1_221' title='bbox 1022 3749 1303 3813; x_wconf 85' lang='lat' dir='ltr'><strong>fortuna</strong></span> <span class='ocrx_word' id='word_1_222' title='bbox 1362 3749 1433 3809; x_wconf 95' lang='lat' dir='ltr'><strong>in</strong></span> <span class='ocrx_word' id='word_1_223' title='bbox 1497 3748 1809 3811; x_wconf 88' lang='lat' dir='ltr'><strong>victoria.</strong></span> <span class='ocrx_word' id='word_1_224' title='bbox 1936 3746 2217 3810; x_wconf 89' lang='lat' dir='ltr'><strong>Mutato</strong></span> 
     </span>
     <span class='ocr_line' id='line_1_37' title="bbox 318 3845 2321 3932; baseline -0.002 -20"><span class='ocrx_word' id='word_1_225' title='bbox 318 3851 612 3932; x_wconf 91' lang='lat' dir='ltr'><strong>denique</strong></span> <span class='ocrx_word' id='word_1_226' title='bbox 642 3851 939 3925; x_wconf 91' lang='lat' dir='ltr'><strong>nomine,</strong></span> <span class='ocrx_word' id='word_1_227' title='bbox 964 3869 1120 3931; x_wconf 88' lang='lat' dir='ltr'><strong>quae</strong></span> <span class='ocrx_word' id='word_1_228' title='bbox 1156 3849 1240 3910; x_wconf 90' lang='lat' dir='ltr'><strong>ad</strong></span> <span class='ocrx_word' id='word_1_229' title='bbox 1272 3849 1341 3910; x_wconf 93' lang='lat' dir='ltr'><strong>id</strong></span> <span class='ocrx_word' id='word_1_230' title='bbox 1376 3847 1708 3929; x_wconf 87' lang='lat' dir='ltr'><strong>temporis</strong></span> <span class='ocrx_word' id='word_1_231' title='bbox 1734 3845 2098 3925; x_wconf 89' lang='lat' dir='ltr'><strong>Turingia,</strong></span> <span class='ocrx_word' id='word_1_232' title='bbox 2126 3865 2215 3908; x_wconf 77' lang='lat' dir='ltr'><strong>ex</strong></span> <span class='ocrx_word' id='word_1_233' title='bbox 2315 3851 2321 3856; x_wconf 84' lang='lat'>&#39;</span> 
     </span>
     <span class='ocr_line' id='line_1_38' title="bbox 318 3945 2217 4032; baseline -0.004 -20"><span class='ocrx_word' id='word_1_234' title='bbox 318 3949 542 4032; x_wconf 91' lang='lat' dir='ltr'><strong>longis</strong></span> <span class='ocrx_word' id='word_1_235' title='bbox 577 3950 880 4013; x_wconf 87' lang='lat' dir='ltr'><strong>cultellis</strong></span> <span class='ocrx_word' id='word_1_236' title='bbox 915 3949 1035 4012; x_wconf 88' lang='lat' dir='ltr'><strong>sed</strong></span> <span class='ocrx_word' id='word_1_237' title='bbox 1076 3948 1465 4012; x_wconf 86' lang='lat' dir='ltr'><strong>victoriosis</strong></span> <span class='ocrx_word' id='word_1_238' title='bbox 1500 3945 1937 4028; x_wconf 88' lang='lat' dir='ltr'><strong>postmodum</strong></span> <span class='ocrx_word' id='word_1_239' title='bbox 1965 3951 2217 4008; x_wconf 87' lang='lat' dir='ltr'><strong>vocata</strong></span> 
     </span>
     <span class='ocr_line' id='line_1_39' title="bbox 321 4042 2215 4128; baseline -0.002 -16"><span class='ocrx_word' id='word_1_240' title='bbox 321 4057 450 4127; x_wconf 87' lang='lat' dir='ltr'><strong>est,</strong></span> <span class='ocrx_word' id='word_1_241' title='bbox 472 4070 610 4114; x_wconf 92' lang='lat' dir='ltr'><strong>non</strong></span> <span class='ocrx_word' id='word_1_242' title='bbox 633 4049 967 4124; x_wconf 83' lang='lat' dir='ltr'><strong>Saxonia,</strong></span> <span class='ocrx_word' id='word_1_243' title='bbox 992 4049 1109 4110; x_wconf 91' lang='lat' dir='ltr'><strong>sed</strong></span> <span class='ocrx_word' id='word_1_244' title='bbox 1136 4047 1438 4128; x_wconf 89' lang='lat' dir='ltr'><strong>Anglico</strong></span> <span class='ocrx_word' id='word_1_245' title='bbox 1470 4046 1810 4109; x_wconf 89' lang='lat' dir='ltr'><strong>elemento</strong></span> <span class='ocrx_word' id='word_1_246' title='bbox 1840 4042 2215 4109; x_wconf 83' lang='lat' dir='ltr'><strong>Saexonia.¹</strong></span> 
     </span>
    </p>
   </div>
   <div class='ocr_carea' id='block_1_11' title="bbox 315 4228 2217 4368">
    <p class='ocr_par' dir='ltr' id='par_1_11' title="bbox 315 4228 2217 4368">
     <span class='ocr_line' id='line_1_40' title="bbox 380 4228 2217 4294; baseline -0.003 -12"><span class='ocrx_word' id='word_1_247' title='bbox 380 4231 393 4260; x_wconf 81' lang='lat'><strong>¹</strong></span> <span class='ocrx_word' id='word_1_248' title='bbox 433 4233 562 4282; x_wconf 79' lang='lat' dir='ltr'><strong>olim</strong></span> <span class='ocrx_word' id='word_1_249' title='bbox 585 4233 814 4294; x_wconf 79' lang='lat' dir='ltr'><strong>temporis</strong></span> <span class='ocrx_word' id='word_1_250' title='bbox 835 4266 848 4281; x_wconf 94' lang='lat'><strong>.</strong></span> <span class='ocrx_word' id='word_1_251' title='bbox 877 4269 888 4280; x_wconf 88' lang='lat'><strong>.</strong></span> <span class='ocrx_word' id='word_1_252' title='bbox 921 4265 934 4280; x_wconf 84' lang='lat'><strong>.</strong></span> <span class='ocrx_word' id='word_1_253' title='bbox 957 4230 1236 4292; x_wconf 54' lang='lat' dir='ltr'><strong>Soexoniafl</strong></span> <span class='ocrx_word' id='word_1_254' title='bbox 1281 4231 1407 4279; x_wconf 83' lang='lat' dir='ltr'><strong>This</strong></span> <span class='ocrx_word' id='word_1_255' title='bbox 1429 4230 1673 4278; x_wconf 86' lang='lat' dir='ltr'><strong>tradition</strong></span> <span class='ocrx_word' id='word_1_256' title='bbox 1710 4229 1755 4278; x_wconf 85' lang='lat' dir='ltr'><strong>is</strong></span> <span class='ocrx_word' id='word_1_257' title='bbox 1782 4229 1909 4276; x_wconf 89' lang='lat' dir='ltr'><strong>from</strong></span> <span class='ocrx_word' id='word_1_258' title='bbox 1932 4228 2217 4276; x_wconf 83' lang='lat' dir='ltr'><strong>widukind</strong></span> 
     </span>
     <span class='ocr_line' id='line_1_41' title="bbox 315 4299 1286 4368; baseline -0.003 -15"><span class='ocrx_word' id='word_1_259' title='bbox 315 4302 472 4368; x_wconf 85' lang='lat' dir='ltr'><strong>(apud</strong></span> <span class='ocrx_word' id='word_1_260' title='bbox 498 4305 750 4364; x_wconf 81' lang='lat' dir='ltr'><strong>Leibnitz,</strong></span> <span class='ocrx_word' id='word_1_261' title='bbox 775 4307 896 4353; x_wconf 88' lang='lat' dir='ltr'><strong>tom.</strong></span> <span class='ocrx_word' id='word_1_262' title='bbox 920 4303 960 4352; x_wconf 88' lang='lat' dir='ltr'><strong>i.</strong></span> <span class='ocrx_word' id='word_1_263' title='bbox 984 4318 1038 4364; x_wconf 84' lang='lat' dir='ltr'><strong>p.</strong></span> <span class='ocrx_word' id='word_1_264' title='bbox 1063 4305 1148 4363; x_wconf 78' lang='lat'><strong>⁷3,</strong></span> <span class='ocrx_word' id='word_1_265' title='bbox 1169 4299 1286 4363; x_wconf 56' lang='lat' dir='ltr'><strong>affl).</strong></span> 
     </span>
    </p>
   </div>
   <div class='ocr_carea' id='block_1_12' title="bbox 2258 1322 2479 1361">
    <p class='ocr_par' dir='ltr' id='par_1_12' title="bbox 2258 1322 2479 1361">
     <span class='ocr_line' id='line_1_42' title="bbox 2258 1322 2479 1361; baseline 0 -2"><span class='ocrx_word' id='word_1_266' title='bbox 2258 1322 2479 1361; x_wconf 78' lang='lat' dir='ltr'><strong>tradition.</strong></span> 
     </span>
    </p>
   </div>
  </div>
 </body>
</html>
