3107 5054
789 495 1178 546 rnonnnru
1232 496 1789 546 wlconmnnsls.
2118 482 2249 550 117

339 654 672 738 Angliam
696 654 924 732 rediit,
945 661 1016 720 et
1038 655 1222 738 apud
1248 655 1697 720 Portesmuth
1721 657 2059 740 applicuit
2082 667 2247 725 ante

341 755 596 819 festum
655 755 893 819 Sancti
955 754 1149 821 Petri
1209 755 1295 818 ad
1345 754 1673 834 Vincula,
1730 755 1873 821 kal.
1929 757 2119 840 Aug.
2168 757 2243 844 [l

341 854 593 941 Aug.],
629 875 793 937 rege
829 863 996 920 tunc
1032 855 1542 938 Merlebergam
1590 856 1989 922 obsidente:
2040 858 2241 942 cujus

339 955 650 1020 adventu
690 955 920 1020 sactus
971 963 1079 1020 est
1119 956 1436 1020 omnibus
1481 976 1607 1039 per
1639 955 1971 1038 Angliam
2019 965 2243 1024 terror

335 1057 735 1122 immensus
795 1055 1245 1134 Quo-audito,
1269 1076 1395 1120 rex
1425 1054 1813 1138 Anglorum
1846 1057 2241 1139 Stephanus

337 1156 570 1220 animo
601 1157 1032 1233 movebatur,
1064 1164 1134 1220 et
1157 1155 1266 1221 his
1297 1156 1418 1239 qui
1451 1157 1757 1222 marinos
1788 1164 2032 1238 portus
2057 1159 2234 1240 vigi-

336 1255 512 1320 lanti
576 1275 748 1320 cura
805 1256 1176 1320 observare
1251 1255 1653 1334 debuerant,
1716 1256 2235 1339 indignabatur.

343 1355 505 1422 Rex
551 1363 660 1420 est
692 1356 908 1438 pacis,
944 1361 1016 1419 et
1045 1376 1086 1420 o
1117 1356 1382 1420 utinam
1438 1377 1565 1420 rex
1600 1356 1888 1438 vigoriS,
1912 1355 2236 1440 justitiae,

337 1462 705 1520 conterens
725 1457 855 1519 sub
884 1456 1174 1538 pedibus
1203 1456 1538 1534 inimicoS,
1562 1463 1635 1520 et
1662 1477 1865 1540 aequa
1898 1457 2095 1522 lance
2118 1458 2238 1543 ju-

335 1556 500 1621 dicii
527 1556 900 1620 decernens
931 1557 1186 1633 omnia,
1217 1557 1288 1619 in
1324 1557 1571 1638 robore
1614 1555 2037 1622 fortitudinis
2072 1578 2237 1622 con-

337 1675 625 1722 servans
655 1663 726 1720 et
752 1656 1205 1721 corroborans
1233 1658 1428 1741 pacis
1464 1657 1744 1723 amicos,
1837 1658 1977 1723 Ubi
2007 1664 2237 1724 autem

336 1757 532 1821 novit
561 1757 993 1838 ex-reginam
1026 1756 1209 1839 apud
1243 1755 1557 1822 Arundel
1606 1758 2233 1842 ex-imperatricem

335 1877 492 1922 cum
568 1856 812 1938 grandi
885 1857 1218 1922 comitatu
1291 1877 1419 1921 suo
1493 1858 1859 1940 recepisse,
1933 1859 2239 1940 graviter

337 1957 590 2034 ferens,
661 1957 782 2021 illo
843 1957 1060 2021 movit
1117 1958 1520 2022 exercitum.
1625 1955 1727 2023 At
1789 1957 1912 2022 illa
1972 1959 2236 2038 regiam

337 2058 768 2142 majestatem
801 2059 1044 2135 verita,
1063 2065 1133 2121 et
1165 2057 1416 2122 timens
1446 2061 1532 2121 ne
1560 2057 1991 2140 dignitatem,
2026 2077 2237 2140 quam

334 2177 457 2240 per
535 2155 866 2240 Angliam
939 2156 1297 2235 habuerat,
1369 2158 1710 2242 perderet,
1774 2157 2235 2242 jurejurando

321 2257 520 2342 jurat
582 2259 920 2322 neminem
973 2258 1407 2322 inimicorum
1457 2276 1740 2321 suorum
1793 2278 1915 2341 per
1958 2277 2035 2321 se
2086 2254 2237 2321 An-

335 2358 551 2440 gliam
633 2359 936 2440 petiisse,
1003 2359 1124 2422 sed
1183 2359 1382 2422 salva
1441 2357 1781 2440 dignitate
1842 2377 1995 2435 sua,
2066 2358 2235 2422 viris

335 2458 796 2537 auctoritati5‚
857 2465 1101 2542 utpote
1163 2459 1294 2522 sibi
1352 2457 1699 2542 quondam
1757 2457 2234 2537 familiaribus,

333 2559 707 2643 hospitium
734 2560 1076 2633 annuisse.
1151 2558 1311 2638 Quo
1340 2579 1466 2623 rex
1498 2559 1762 2636 audito,
1781 2560 1903 2623 illa
1931 2560 2231 2635 dimissa,
2259 2578 2351 2618 'rue
2368 2580 2437 2627 up.
2456 2578 2507 2617 or

2261 2629 2531 2669 Winchetter

335 2660 967 2742 eit-imperatricem
1005 2660 1094 2724 ad
1125 2659 1486 2724 castellum
1535 2660 2043 2725 Bricstowense
2070 2679 2234 2725 con·
2260 2685 2421 2719 escort.
2440 2680 2518 2718 ner

335 2760 588 2825 ducere
647 2761 848 2824 fratri
903 2780 1056 2835 suc,
1113 2758 1581 2826 Wintoniensi
1643 2761 2001 2842 episcopo,
2054 2761 2239 2824 sicut

337 2866 709 2943 cognatam
739 2879 964 2937 suam,
992 2879 1148 2923 cum
1179 2860 1438 2924 bonore
1469 2861 1826 2944 praecepit,
1862 2861 2011 2944 ipse
2048 2857 2235 2925 vero¹

335 2980 460 3026 rex
542 2962 862 3025 comitem
945 2960 1406 3044 persequitur.
1549 2960 1674 3025 Nil
1760 2967 1993 3024 autem
2068 2960 2241 3025 certi

333 3062 624 3126 audiens
658 3060 743 3125 de
773 3080 881 3137 eo,
916 3060 1234 3142 quaedam
1275 3060 1454 3125 enim
1503 3059 1915 3125 diverticula
1947 3060 2035 3124 ad
2066 3066 2239 3125 tem-

327 3180 466 3244 -pus
515 3161 632 3225 ille
670 3162 989 3243 petierat,
1035 3160 1545 3243 expeditionem
1586 3161 1803 3224 movit
1833 3180 1973 3241 quo
2006 3159 2239 3241 dispo-

329 3263 496 3327 suit.
602 3261 778 3325 Milo
821 3260 1394 3337 constabulariuS,
1443 3260 1653 3341 regiae
1696 3258 2049 3343 majestati
2086 3259 2239 3322 red-

338 3361 502 3426 ditis
563 3361 722 3425 fidei
779 3362 1255 3439 sacramentis,
1309 3360 1397 3424 ad
1447 3360 1799 3438 dominum
1850 3378 2075 3433 suum,
2130 3377 2239 3421 co·

337 3462 575 3526 mitem
601 3461 1228 3537 Glaucestrensem,
1253 3479 1409 3524 cum
1445 3459 1690 3542 grandi
1709 3479 1919 3523 manu
1948 3458 2244 3523 militum

335 3581 412 3625 se
447 3562 768 3639 contulit,
807 3560 911 3624 illi
949 3560 1292 3644 spondens
1333 3562 1406 3625 in
1449 3560 1583 3624 fide
1633 3560 1972 3625 auxilium
2004 3567 2247 3624 contra

336 3682 576 3743 regem
609 3660 1105 3727 exhibiturum.
1209 3660 1256 3725 J
1262 3681 1374 3725 am
1409 3680 1575 3726 vero
1595 3661 1867 3738 exhinc,
1901 3680 1991 3724 ex
2028 3661 2249 3743 Bryc-

337 3762 668 3826 stowensi
749 3761 1017 3827 scilicet
1093 3762 1282 3841 urbe,
1347 3780 1504 3843 quae
1582 3760 1768 3823 mala
1832 3780 1956 3842 per
2028 3762 2247 3823 totam

2260 2733 2306 2770 to
2324 2729 2497 2770 Brintol.

2268 3278 2491 3318 Defectiou
2510 3278 2558 3317 of

2266 3328 2374 3369 Milo
2389 3329 2464 3368 the

2266 3379 2483 3419 constable

2266 3430 2377 3469 from
2395 3430 2488 3469 Ste-

2268 3481 2401 3531 phen.

339 3863 747 3939 emerserint
811 3860 1170 3943 Angliam,
1220 3860 1480 3925 nullius
1543 3860 1800 3942 poterit
1862 3858 2275 3951 exprimere*

339 3962 633 4026 scientia
665 3961 778 4027 vel
811 3960 1160 4027 facundia.
1250 3961 1690 4025 Resistentes
1719 3958 2059 4043 siquidem
2093 3958 2250 4035 sibi,

337 4063 641 4145 regiaeve
700 4062 1025 4145 dignitati
1089 4070 1435 4145 parenteS,
1496 4067 1839 4144 quotquot
1906 4060 2063 4142 capi
2125 4078 2249 4141 po·-

765 4285 780 4317 ¹
821 4290 930 4345 Quo
945 4303 1038 4341 rex
1057 4323 1071 4339 .
1090 4324 1104 4340 .
1122 4322 1136 4339 .
1155 4287 1338 4350 ‚ver-m]
1370 4285 1502 4337 Add.
1519 4286 1639 4337 edit.
1678 4286 1739 4337 C.
1763 4284 1907 4336 omit..
