<?xml version="1.0" encoding="UTF-8"?>
<!DOCTYPE html PUBLIC "-//W3C//DTD XHTML 1.0 Transitional//EN"
    "http://www.w3.org/TR/xhtml1/DTD/xhtml1-transitional.dtd">
<html xmlns="http://www.w3.org/1999/xhtml" xml:lang="en" lang="en">
 <head>
  <title>
</title>
<meta http-equiv="Content-Type" content="text/html;charset=utf-8" />
  <meta name='ocr-system' content='tesseract 3.04.00' />
  <meta name='ocr-capabilities' content='ocr_page ocr_carea ocr_par ocr_line ocrx_word'/>
</head>
<body>
  <div class='ocr_page' id='page_1' title='image "./florentiiwigorn00evergoog_0037.png"; bbox 0 0 3107 5054; ppageno 0'>
   <div class='ocr_carea' id='block_1_1' title="bbox 814 441 1966 505">
    <p class='ocr_par' dir='ltr' id='par_1_1' title="bbox 814 441 1966 505">
     <span class='ocr_line' id='line_1_1' title="bbox 814 441 1966 505; baseline 0.001 0"><span class='ocrx_word' id='word_1_1' title='bbox 814 441 901 505; x_wconf 87' lang='grc'><strong>14</strong></span> <span class='ocrx_word' id='word_1_2' title='bbox 1542 454 1639 503; x_wconf 78' lang='lat' dir='ltr'><strong>on</strong></span> <span class='ocrx_word' id='word_1_3' title='bbox 1651 454 1966 505; x_wconf 70' lang='lat' dir='ltr'><strong>nemeen</strong></span> 
     </span>
    </p>
   </div>
   <div class='ocr_carea' id='block_1_2' title="bbox 790 612 2718 4272">
    <p class='ocr_par' dir='ltr' id='par_1_2' title="bbox 790 612 2718 4272">
     <span class='ocr_line' id='line_1_2' title="bbox 812 612 2712 700; baseline 0 -21"><span class='ocrx_word' id='word_1_4' title='bbox 812 614 1129 697; x_wconf 86' lang='lat' dir='ltr'><strong>partibus</strong></span> <span class='ocrx_word' id='word_1_5' title='bbox 1172 612 1535 691; x_wconf 77' lang='lat' dir='ltr'><strong>habuerat,</strong></span> <span class='ocrx_word' id='word_1_6' title='bbox 1583 612 1795 694; x_wconf 80' lang='lat' dir='ltr'><strong>longo</strong></span> <span class='ocrx_word' id='word_1_7' title='bbox 1823 618 2134 696; x_wconf 89' lang='lat' dir='ltr'><strong>tempore</strong></span> <span class='ocrx_word' id='word_1_8' title='bbox 2169 612 2388 695; x_wconf 79' lang='lat' dir='ltr'><strong>degit.</strong></span> <span class='ocrx_word' id='word_1_9' title='bbox 2493 614 2712 700; x_wconf 83' lang='lat' dir='ltr'><strong>Cujus</strong></span> 
     </span>
     <span class='ocr_line' id='line_1_3' title="bbox 810 712 2714 795; baseline 0.001 -15"><span class='ocrx_word' id='word_1_10' title='bbox 810 715 1153 781; x_wconf 84' lang='lat' dir='ltr'><strong>adventus</strong></span> <span class='ocrx_word' id='word_1_11' title='bbox 1186 713 1517 795; x_wconf 89' lang='lat' dir='ltr'><strong>episcopo</strong></span> <span class='ocrx_word' id='word_1_12' title='bbox 1548 712 1874 779; x_wconf 86' lang='lat' dir='ltr'><strong>Walcero</strong></span> <span class='ocrx_word' id='word_1_13' title='bbox 1917 732 2057 777; x_wconf 91' lang='lat' dir='ltr'><strong>nou</strong></span> <span class='ocrx_word' id='word_1_14' title='bbox 2103 714 2339 779; x_wconf 82' lang='lat' dir='ltr'><strong>extitit</strong></span> <span class='ocrx_word' id='word_1_15' title='bbox 2374 714 2714 795; x_wconf 84' lang='lat' dir='ltr'><strong>ingratus,</strong></span> 
     </span>
     <span class='ocr_line' id='line_1_4' title="bbox 810 812 2718 897; baseline 0 -18"><span class='ocrx_word' id='word_1_16' title='bbox 810 815 978 897; x_wconf 88' lang='lat' dir='ltr'><strong>quia</strong></span> <span class='ocrx_word' id='word_1_17' title='bbox 1038 812 1285 879; x_wconf 81' lang='lat' dir='ltr'><strong>eidem.</strong></span> <span class='ocrx_word' id='word_1_18' title='bbox 1316 819 1568 883; x_wconf 79' lang='lat' dir='ltr'><strong>sancto</strong></span> <span class='ocrx_word' id='word_1_19' title='bbox 1625 812 1830 877; x_wconf 83' lang='lat' dir='ltr'><strong>valde</strong></span> <span class='ocrx_word' id='word_1_20' title='bbox 1890 812 2188 879; x_wconf 86' lang='lat' dir='ltr'><strong>devotus</strong></span> <span class='ocrx_word' id='word_1_21' title='bbox 2247 813 2582 891; x_wconf 80' lang='lat' dir='ltr'><strong>extiterat</strong></span> <span class='ocrx_word' id='word_1_22' title='bbox 2641 816 2718 881; x_wconf 89' lang='lat' dir='ltr'><strong>in</strong></span> 
     </span>
     <span class='ocr_line' id='line_1_5' title="bbox 810 910 2716 995; baseline -0.001 -14"><span class='ocrx_word' id='word_1_23' title='bbox 810 912 1153 981; x_wconf 86' lang='lat' dir='ltr'><strong>omnibus.</strong></span> <span class='ocrx_word' id='word_1_24' title='bbox 1258 911 1529 981; x_wconf 82' lang='lat' dir='ltr'><strong>Idcirco</strong></span> <span class='ocrx_word' id='word_1_25' title='bbox 1557 913 1650 977; x_wconf 88' lang='lat' dir='ltr'><strong>ab</strong></span> <span class='ocrx_word' id='word_1_26' title='bbox 1679 912 1832 995; x_wconf 90' lang='lat' dir='ltr'><strong>ipso</strong></span> <span class='ocrx_word' id='word_1_27' title='bbox 1866 910 1937 977; x_wconf 88' lang='lat' dir='ltr'><strong>in</strong></span> <span class='ocrx_word' id='word_1_28' title='bbox 1970 918 2242 980; x_wconf 87' lang='lat' dir='ltr'><strong>tantum</strong></span> <span class='ocrx_word' id='word_1_29' title='bbox 2272 913 2716 995; x_wconf 73' lang='lat' dir='ltr'>diligebatur,</span> 
     </span>
     <span class='ocr_line' id='line_1_6' title="bbox 808 1011 2713 1098; baseline 0 -19"><span class='ocrx_word' id='word_1_30' title='bbox 808 1023 891 1080; x_wconf 91' lang='lat' dir='ltr'><strong>ut</strong></span> <span class='ocrx_word' id='word_1_31' title='bbox 912 1016 1175 1098; x_wconf 89' lang='lat' dir='ltr'><strong>absque</strong></span> <span class='ocrx_word' id='word_1_32' title='bbox 1203 1012 1389 1079; x_wconf 80' lang='lat' dir='ltr'><strong>illius</strong></span> <span class='ocrx_word' id='word_1_33' title='bbox 1411 1011 1704 1079; x_wconf 80' lang='lat' dir='ltr'><strong>consilio</strong></span> <span class='ocrx_word' id='word_1_34' title='bbox 1727 1011 2027 1097; x_wconf 82' lang='lat' dir='ltr'><strong>majores</strong></span> <span class='ocrx_word' id='word_1_35' title='bbox 2055 1012 2480 1081; x_wconf 84' lang='lat' dir='ltr'><strong>secularium.</strong></span> <span class='ocrx_word' id='word_1_36' title='bbox 2504 1034 2713 1097; x_wconf 85' lang='lat' dir='ltr'><strong>nego-</strong></span> 
     </span>
     <span class='ocr_line' id='line_1_7' title="bbox 810 1112 2710 1197; baseline 0.001 -18"><span class='ocrx_word' id='word_1_37' title='bbox 810 1114 1063 1179; x_wconf 88' lang='lat' dir='ltr'><strong>tiorum</strong></span> <span class='ocrx_word' id='word_1_38' title='bbox 1098 1112 1790 1181; x_wconf 73' lang='lat' dir='ltr'><strong>causasnullatenus</strong></span> <span class='ocrx_word' id='word_1_39' title='bbox 1833 1130 2042 1193; x_wconf 78' lang='lat' dir='ltr'><strong>agere</strong></span> <span class='ocrx_word' id='word_1_40' title='bbox 2069 1112 2282 1181; x_wconf 81' lang='lat' dir='ltr'><strong>vellet</strong></span> <span class='ocrx_word' id='word_1_41' title='bbox 2313 1120 2438 1179; x_wconf 88' lang='lat' dir='ltr'><strong>aut</strong></span> <span class='ocrx_word' id='word_1_42' title='bbox 2477 1114 2710 1197; x_wconf 87' lang='lat' dir='ltr'><strong>dispo-</strong></span> 
     </span>
     <span class='ocr_line' id='line_1_8' title="bbox 808 1212 2710 1294; baseline 0.001 -17"><span class='ocrx_word' id='word_1_43' title='bbox 808 1221 1023 1279; x_wconf 87' lang='lat' dir='ltr'><strong>neret.</strong></span> <span class='ocrx_word' id='word_1_44' title='bbox 1096 1213 1207 1277; x_wconf 92' lang='lat' dir='ltr'><strong>Ob</strong></span> <span class='ocrx_word' id='word_1_45' title='bbox 1233 1230 1441 1294; x_wconf 86' lang='lat' dir='ltr'><strong>quam</strong></span> <span class='ocrx_word' id='word_1_46' title='bbox 1466 1230 1616 1279; x_wconf 83' lang='lat' dir='ltr'><strong>rem</strong></span> <span class='ocrx_word' id='word_1_47' title='bbox 1641 1230 1814 1285; x_wconf 83' lang='lat' dir='ltr'><strong>suus</strong></span> <span class='ocrx_word' id='word_1_48' title='bbox 1840 1212 2241 1294; x_wconf 73' lang='lat' dir='ltr'><strong>capellanus</strong></span> <span class='ocrx_word' id='word_1_49' title='bbox 2268 1212 2710 1292; x_wconf 84' lang='lat' dir='ltr'><strong>Leobwinus,</strong></span> 
     </span>
     <span class='ocr_line' id='line_1_9' title="bbox 809 1311 2710 1395; baseline 0.001 -18"><span class='ocrx_word' id='word_1_50' title='bbox 809 1332 1015 1395; x_wconf 89' lang='lat' dir='ltr'><strong>quem</strong></span> <span class='ocrx_word' id='word_1_51' title='bbox 1052 1312 1122 1375; x_wconf 88' lang='lat' dir='ltr'><strong>in</strong></span> <span class='ocrx_word' id='word_1_52' title='bbox 1160 1318 1435 1378; x_wconf 86' lang='lat' dir='ltr'><strong>tantum</strong></span> <span class='ocrx_word' id='word_1_53' title='bbox 1477 1311 1920 1377; x_wconf 73' lang='lat' dir='ltr'><strong>exaltaverat</strong></span> <span class='ocrx_word' id='word_1_54' title='bbox 1966 1319 2046 1376; x_wconf 89' lang='lat' dir='ltr'><strong>ut</strong></span> <span class='ocrx_word' id='word_1_55' title='bbox 2092 1312 2268 1376; x_wconf 79' lang='lat' dir='ltr'><strong>et-in</strong></span> <span class='ocrx_word' id='word_1_56' title='bbox 2303 1312 2710 1395; x_wconf 85' lang='lat' dir='ltr'><strong>episcopatu</strong></span> 
     </span>
     <span class='ocr_line' id='line_1_10' title="bbox 808 1406 2706 1495; baseline 0 -18"><span class='ocrx_word' id='word_1_57' title='bbox 808 1421 878 1477; x_wconf 89' lang='lat' dir='ltr'><strong>et</strong></span> <span class='ocrx_word' id='word_1_58' title='bbox 908 1406 980 1476; x_wconf 80' lang='lat' dir='ltr'><strong>in</strong></span> <span class='ocrx_word' id='word_1_59' title='bbox 1010 1412 1343 1477; x_wconf 89' lang='lat' dir='ltr'><strong>comitatu</strong></span> <span class='ocrx_word' id='word_1_60' title='bbox 1385 1411 1527 1475; x_wconf 88' lang='lat' dir='ltr'><strong>fere</strong></span> <span class='ocrx_word' id='word_1_61' title='bbox 1557 1410 1657 1475; x_wconf 87' lang='lat' dir='ltr'><strong>nil</strong></span> <span class='ocrx_word' id='word_1_62' title='bbox 1689 1411 1840 1477; x_wconf 82' lang='lat' dir='ltr'><strong>sine</strong></span> <span class='ocrx_word' id='word_1_63' title='bbox 1867 1410 2056 1477; x_wconf 88' lang='lat' dir='ltr'><strong>illius</strong></span> <span class='ocrx_word' id='word_1_64' title='bbox 2085 1412 2374 1477; x_wconf 85' lang='lat' dir='ltr'><strong>arbitrio</strong></span> <span class='ocrx_word' id='word_1_65' title='bbox 2403 1412 2706 1495; x_wconf 79' lang='lat' dir='ltr'><strong>agitare-</strong></span> 
     </span>
     <span class='ocr_line' id='line_1_11' title="bbox 808 1509 2704 1593; baseline 0.001 -17"><span class='ocrx_word' id='word_1_66' title='bbox 808 1519 944 1588; x_wconf 89' lang='lat' dir='ltr'><strong>tur,</strong></span> <span class='ocrx_word' id='word_1_67' title='bbox 988 1510 1267 1576; x_wconf 77' lang='lat' dir='ltr'><strong>invidiae</strong></span> <span class='ocrx_word' id='word_1_68' title='bbox 1284 1509 1592 1579; x_wconf 75' lang='lat' dir='ltr'><strong>,stimulis</strong></span> <span class='ocrx_word' id='word_1_69' title='bbox 1633 1528 2029 1587; x_wconf 87' lang='lat' dir='ltr'><strong>succensus,</strong></span> <span class='ocrx_word' id='word_1_70' title='bbox 2069 1517 2146 1577; x_wconf 84' lang='lat' dir='ltr'><strong>et</strong></span> <span class='ocrx_word' id='word_1_71' title='bbox 2179 1518 2474 1593; x_wconf 78' lang='lat' dir='ltr'><strong>‚propter</strong></span> <span class='ocrx_word' id='word_1_72' title='bbox 2505 1530 2704 1577; x_wconf 81' lang='lat' dir='ltr'><strong>suam</strong></span> 
     </span>
     <span class='ocr_line' id='line_1_12' title="bbox 806 1609 2706 1694; baseline 0.001 -19"><span class='ocrx_word' id='word_1_73' title='bbox 806 1612 1192 1694; x_wconf 88' lang='lat' dir='ltr'><strong>potentiam</strong></span> <span class='ocrx_word' id='word_1_74' title='bbox 1226 1610 1426 1678; x_wconf 83' lang='lat' dir='ltr'><strong>taedis</strong></span> <span class='ocrx_word' id='word_1_75' title='bbox 1454 1611 1812 1693; x_wconf 72' lang='lat' dir='ltr'><strong>superbiae</strong></span> <span class='ocrx_word' id='word_1_76' title='bbox 1837 1610 2060 1675; x_wconf 64' lang='lat' dir='ltr'><strong>mimis</strong></span> <span class='ocrx_word' id='word_1_77' title='bbox 2083 1609 2400 1691; x_wconf 72' lang='lat' dir='ltr'><strong>inflatus,</strong></span> <span class='ocrx_word' id='word_1_78' title='bbox 2431 1631 2508 1677; x_wconf 87' lang='lat' dir='ltr'><strong>se</strong></span> <span class='ocrx_word' id='word_1_79' title='bbox 2541 1631 2706 1677; x_wconf 88' lang='lat' dir='ltr'><strong>con-</strong></span> 
     </span>
     <span class='ocr_line' id='line_1_13' title="bbox 806 1710 2714 1793; baseline -0.001 -17"><span class='ocrx_word' id='word_1_80' title='bbox 806 1719 917 1776; x_wconf 89' lang='lat' dir='ltr'><strong>tra</strong></span> <span class='ocrx_word' id='word_1_81' title='bbox 975 1711 1383 1793; x_wconf 72' lang='lat' dir='ltr'><strong>praedictum</strong></span> <span class='ocrx_word' id='word_1_82' title='bbox 1444 1710 1670 1778; x_wconf 84' lang='lat' dir='ltr'><strong>virum</strong></span> <span class='ocrx_word' id='word_1_83' title='bbox 1733 1717 2142 1791; x_wconf 78' lang='lat' dir='ltr'><strong>arroganter</strong></span> <span class='ocrx_word' id='word_1_84' title='bbox 2203 1711 2465 1786; x_wconf 80' lang='lat' dir='ltr'><strong>erexit3</strong></span> <span class='ocrx_word' id='word_1_85' title='bbox 2519 1730 2714 1793; x_wconf 89' lang='lat' dir='ltr'><strong>.qua·.--</strong></span> 
     </span>
     <span class='ocr_line' id='line_1_14' title="bbox 805 1808 2707 1894; baseline 0.001 -21"><span class='ocrx_word' id='word_1_86' title='bbox 805 1818 1089 1894; x_wconf 89' lang='lat' dir='ltr'><strong>propter</strong></span> <span class='ocrx_word' id='word_1_87' title='bbox 1166 1809 1527 1883; x_wconf 74' lang='lat' dir='ltr'><strong>nonnulla..</strong></span> <span class='ocrx_word' id='word_1_88' title='bbox 1571 1809 1732 1892; x_wconf 84' lang='lat' dir='ltr'><strong>ejus.</strong></span> <span class='ocrx_word' id='word_1_89' title='bbox 1788 1808 2058 1893; x_wconf 86' lang='lat' dir='ltr'><strong>judicia</strong></span> <span class='ocrx_word' id='word_1_90' title='bbox 2129 1816 2342 1891; x_wconf 87' lang='lat' dir='ltr'><strong>atque</strong></span> <span class='ocrx_word' id='word_1_91' title='bbox 2413 1810 2707 1875; x_wconf 88' lang='lat' dir='ltr'><strong>consilia</strong></span> 
     </span>
     <span class='ocr_line' id='line_1_15' title="bbox 806 1908 2710 1993; baseline 0.001 -20"><span class='ocrx_word' id='word_1_92' title='bbox 806 1910 1005 1975; x_wconf 88' lang='lat' dir='ltr'><strong>flocci</strong></span> <span class='ocrx_word' id='word_1_93' title='bbox 1077 1910 1457 1993; x_wconf 85' lang='lat' dir='ltr'><strong>pendebat‚·</strong></span> <span class='ocrx_word' id='word_1_94' title='bbox 1518 1908 1972 1991; x_wconf 82' lang='lat' dir='ltr'><strong>omnibusque</strong></span> <span class='ocrx_word' id='word_1_95' title='bbox 2045 1909 2266 1975; x_wconf 86' lang='lat' dir='ltr'><strong>modis</strong></span> <span class='ocrx_word' id='word_1_96' title='bbox 2343 1910 2710 1975; x_wconf 81' lang='lat' dir='ltr'><strong>annullare</strong></span> 
     </span>
     <span class='ocr_line' id='line_1_16' title="bbox 803 2008 2708 2092; baseline 0.001 -19"><span class='ocrx_word' id='word_1_97' title='bbox 803 2010 1122 2075; x_wconf 88' lang='lat' dir='ltr'><strong>sudabat.</strong></span> <span class='ocrx_word' id='word_1_98' title='bbox 1248 2008 1676 2092; x_wconf 85' lang='lat' dir='ltr'><strong>Frequenter</strong></span> <span class='ocrx_word' id='word_1_99' title='bbox 1753 2009 1964 2081; x_wconf 80' lang='lat' dir='ltr'><strong>etiam</strong></span> <span class='ocrx_word' id='word_1_100' title='bbox 2041 2025 2276 2073; x_wconf 88' lang='lat' dir='ltr'><strong>coram</strong></span> <span class='ocrx_word' id='word_1_101' title='bbox 2344 2010 2708 2091; x_wconf 74' lang='lat' dir='ltr'><strong>episcopo,</strong></span> 
     </span>
     <span class='ocr_line' id='line_1_17' title="bbox 804 2107 2700 2189; baseline 0.001 -16"><span class='ocrx_word' id='word_1_102' title='bbox 804 2130 945 2174; x_wconf 90' lang='lat' dir='ltr'><strong>non</strong></span> <span class='ocrx_word' id='word_1_103' title='bbox 998 2110 1149 2173; x_wconf 90' lang='lat' dir='ltr'><strong>sine</strong></span> <span class='ocrx_word' id='word_1_104' title='bbox 1202 2109 1432 2185; x_wconf 89' lang='lat' dir='ltr'><strong>minis,</strong></span> <span class='ocrx_word' id='word_1_105' title='bbox 1484 2127 1664 2175; x_wconf 67' lang='lat' dir='ltr'><strong>cum,</strong></span> <span class='ocrx_word' id='word_1_106' title='bbox 1697 2126 1780 2173; x_wconf 88' lang='lat' dir='ltr'><strong>eo</strong></span> <span class='ocrx_word' id='word_1_107' title='bbox 1839 2107 2150 2189; x_wconf 83' lang='lat' dir='ltr'><strong>litigans,</strong></span> <span class='ocrx_word' id='word_1_108' title='bbox 2212 2108 2409 2175; x_wconf 90' lang='lat' dir='ltr'><strong>illum</strong></span> <span class='ocrx_word' id='word_1_109' title='bbox 2475 2110 2700 2175; x_wconf 83' lang='lat' dir='ltr'><strong>verbis</strong></span> 
     </span>
     <span class='ocr_line' id='line_1_18' title="bbox 802 2207 2698 2292; baseline 0.001 -20"><span class='ocrx_word' id='word_1_110' title='bbox 802 2210 1155 2292; x_wconf 79' lang='lat' dir='ltr'><strong>probrosis</strong></span> <span class='ocrx_word' id='word_1_111' title='bbox 1226 2209 1483 2291; x_wconf 73' lang='lat' dir='ltr'><strong>saepius</strong></span> <span class='ocrx_word' id='word_1_112' title='bbox 1568 2207 1659 2271; x_wconf 88' lang='lat' dir='ltr'><strong>ad</strong></span> <span class='ocrx_word' id='word_1_113' title='bbox 1739 2207 2170 2273; x_wconf 87' lang='lat' dir='ltr'><strong>iracundiam</strong></span> <span class='ocrx_word' id='word_1_114' title='bbox 2247 2210 2698 2290; x_wconf 84' lang='lat' dir='ltr'><strong>provocabat.</strong></span> 
     </span>
     <span class='ocr_line' id='line_1_19' title="bbox 805 2306 2700 2389; baseline -0.002 -15"><span class='ocrx_word' id='word_1_115' title='bbox 805 2308 1127 2387; x_wconf 84' lang='lat' dir='ltr'><strong>Quadam</strong></span> <span class='ocrx_word' id='word_1_116' title='bbox 1179 2309 1419 2389; x_wconf 87' lang='lat' dir='ltr'><strong>itaque</strong></span> <span class='ocrx_word' id='word_1_117' title='bbox 1477 2306 1613 2383; x_wconf 85' lang='lat' dir='ltr'><strong>die,</strong></span> <span class='ocrx_word' id='word_1_118' title='bbox 1665 2324 1823 2372; x_wconf 89' lang='lat' dir='ltr'><strong>cum</strong></span> <span class='ocrx_word' id='word_1_119' title='bbox 1880 2306 2062 2371; x_wconf 90' lang='lat' dir='ltr'><strong>idem</strong></span> <span class='ocrx_word' id='word_1_120' title='bbox 2118 2306 2226 2373; x_wconf 85' lang='lat' dir='ltr'><strong>vir</strong></span> <span class='ocrx_word' id='word_1_121' title='bbox 2280 2306 2553 2380; x_wconf 63' lang='lat' dir='ltr'><strong>Iliulfus</strong></span> <span class='ocrx_word' id='word_1_122' title='bbox 2609 2309 2700 2371; x_wconf 88' lang='lat' dir='ltr'><strong>ab</strong></span> 
     </span>
     <span class='ocr_line' id='line_1_20' title="bbox 802 2404 2700 2490; baseline 0.001 -20"><span class='ocrx_word' id='word_1_123' title='bbox 802 2409 1129 2490; x_wconf 90' lang='lat' dir='ltr'><strong>episcopo</strong></span> <span class='ocrx_word' id='word_1_124' title='bbox 1189 2415 1482 2472; x_wconf 80' lang='lat' dir='ltr'><strong>vocatus</strong></span> <span class='ocrx_word' id='word_1_125' title='bbox 1530 2404 1620 2468; x_wconf 87' lang='lat' dir='ltr'><strong>ad</strong></span> <span class='ocrx_word' id='word_1_126' title='bbox 1669 2405 2052 2481; x_wconf 85' lang='lat' dir='ltr'><strong>consilium,</strong></span> <span class='ocrx_word' id='word_1_127' title='bbox 2099 2406 2355 2487; x_wconf 79' lang='lat' dir='ltr'><strong>legalia</strong></span> <span class='ocrx_word' id='word_1_128' title='bbox 2401 2426 2700 2490; x_wconf 85' lang='lat' dir='ltr'><strong>quaeque</strong></span> 
     </span>
     <span class='ocr_line' id='line_1_21' title="bbox 801 2504 2696 2581; baseline 0.001 -11"><span class='ocrx_word' id='word_1_129' title='bbox 801 2513 875 2571; x_wconf 93' lang='lat' dir='ltr'><strong>et</strong></span> <span class='ocrx_word' id='word_1_130' title='bbox 935 2513 1124 2570; x_wconf 89' lang='lat' dir='ltr'><strong>recta</strong></span> <span class='ocrx_word' id='word_1_131' title='bbox 1188 2505 1611 2581; x_wconf 76' lang='lat' dir='ltr'><strong>decerneret,</strong></span> <span class='ocrx_word' id='word_1_132' title='bbox 1673 2504 2088 2571; x_wconf 87' lang='lat' dir='ltr'><strong>obstinatius</strong></span> <span class='ocrx_word' id='word_1_133' title='bbox 2156 2506 2220 2571; x_wconf 92' lang='lat' dir='ltr'><strong>ei</strong></span> <span class='ocrx_word' id='word_1_134' title='bbox 2279 2505 2696 2572; x_wconf 84' lang='lat' dir='ltr'><strong>Leobwinus</strong></span> 
     </span>
     <span class='ocr_line' id='line_1_22' title="bbox 802 2604 2702 2688; baseline 0 -18"><span class='ocrx_word' id='word_1_135' title='bbox 802 2606 1094 2685; x_wconf 86' lang='lat' dir='ltr'><strong>obstitit,</strong></span> <span class='ocrx_word' id='word_1_136' title='bbox 1146 2612 1219 2670; x_wconf 89' lang='lat' dir='ltr'><strong>et</strong></span> <span class='ocrx_word' id='word_1_137' title='bbox 1263 2605 1558 2688; x_wconf 87' lang='lat' dir='ltr'><strong>loquelis</strong></span> <span class='ocrx_word' id='word_1_138' title='bbox 1602 2604 1802 2672; x_wconf 88' lang='lat' dir='ltr'><strong>illum</strong></span> <span class='ocrx_word' id='word_1_139' title='bbox 1850 2606 2364 2672; x_wconf 81' lang='lat' dir='ltr'><strong>contumeliosis</strong></span> <span class='ocrx_word' id='word_1_140' title='bbox 2415 2626 2702 2671; x_wconf 56' lang='lat' dir='ltr'><strong>exacer„</strong></span> 
     </span>
     <span class='ocr_line' id='line_1_23' title="bbox 800 2703 2696 2788; baseline 0.002 -19"><span class='ocrx_word' id='word_1_141' title='bbox 800 2706 1017 2772; x_wconf 78' lang='lat' dir='ltr'><strong>bavit.</strong></span> <span class='ocrx_word' id='word_1_142' title='bbox 1121 2704 1255 2769; x_wconf 90' lang='lat' dir='ltr'><strong>Sed</strong></span> <span class='ocrx_word' id='word_1_143' title='bbox 1300 2705 1467 2788; x_wconf 90' lang='lat' dir='ltr'><strong>quia</strong></span> <span class='ocrx_word' id='word_1_144' title='bbox 1510 2703 1630 2770; x_wconf 92' lang='lat' dir='ltr'><strong>ille</strong></span> <span class='ocrx_word' id='word_1_145' title='bbox 1669 2704 2026 2787; x_wconf 82' lang='lat' dir='ltr'><strong>respondit</strong></span> <span class='ocrx_word' id='word_1_146' title='bbox 2074 2706 2138 2770; x_wconf 88' lang='lat' dir='ltr'><strong>ei</strong></span> <span class='ocrx_word' id='word_1_147' title='bbox 2183 2705 2420 2784; x_wconf 84' lang='lat' dir='ltr'><strong>durius</strong></span> <span class='ocrx_word' id='word_1_148' title='bbox 2463 2707 2696 2784; x_wconf 88' lang='lat' dir='ltr'><strong>solito,</strong></span> 
     </span>
     <span class='ocr_line' id='line_1_24' title="bbox 802 2803 2696 2888; baseline 0.001 -20"><span class='ocrx_word' id='word_1_149' title='bbox 802 2805 890 2869; x_wconf 90' lang='lat' dir='ltr'><strong>de</strong></span> <span class='ocrx_word' id='word_1_150' title='bbox 935 2804 1177 2888; x_wconf 86' lang='lat' dir='ltr'><strong>placiti</strong></span> <span class='ocrx_word' id='word_1_151' title='bbox 1222 2804 1377 2871; x_wconf 83' lang='lat' dir='ltr'><strong>loco</strong></span> <span class='ocrx_word' id='word_1_152' title='bbox 1427 2804 1748 2872; x_wconf 81' lang='lat' dir='ltr'><strong>discessit</strong></span> <span class='ocrx_word' id='word_1_153' title='bbox 1788 2803 1998 2882; x_wconf 86' lang='lat' dir='ltr'><strong>illico,</strong></span> <span class='ocrx_word' id='word_1_154' title='bbox 2050 2811 2122 2869; x_wconf 89' lang='lat' dir='ltr'><strong>et</strong></span> <span class='ocrx_word' id='word_1_155' title='bbox 2159 2824 2454 2871; x_wconf 85' lang='lat' dir='ltr'><strong>evocans</strong></span> <span class='ocrx_word' id='word_1_156' title='bbox 2497 2806 2588 2871; x_wconf 89' lang='lat' dir='ltr'><strong>ad</strong></span> <span class='ocrx_word' id='word_1_157' title='bbox 2620 2825 2696 2870; x_wconf 91' lang='lat' dir='ltr'><strong>se</strong></span> 
     </span>
     <span class='ocr_line' id='line_1_25' title="bbox 805 2902 2696 2988; baseline 0.001 -19"><span class='ocrx_word' id='word_1_158' title='bbox 805 2904 1264 2981; x_wconf 86' lang='lat' dir='ltr'><strong>Gilebertum,</strong></span> <span class='ocrx_word' id='word_1_159' title='bbox 1322 2903 1435 2968; x_wconf 89' lang='lat' dir='ltr'><strong>cui</strong></span> <span class='ocrx_word' id='word_1_160' title='bbox 1476 2902 1763 2986; x_wconf 85' lang='lat' dir='ltr'><strong>praesul,</strong></span> <span class='ocrx_word' id='word_1_161' title='bbox 1817 2904 1984 2985; x_wconf 89' lang='lat' dir='ltr'><strong>quia</strong></span> <span class='ocrx_word' id='word_1_162' title='bbox 2042 2922 2211 2970; x_wconf 89' lang='lat' dir='ltr'><strong>suus</strong></span> <span class='ocrx_word' id='word_1_163' title='bbox 2269 2906 2696 2988; x_wconf 81' lang='lat' dir='ltr'><strong>propinquus</strong></span> 
     </span>
     <span class='ocr_line' id='line_1_26' title="bbox 808 3002 2694 3086; baseline 0.001 -18"><span class='ocrx_word' id='word_1_164' title='bbox 808 3003 1065 3079; x_wconf 85' lang='lat' dir='ltr'><strong>extitit,</strong></span> <span class='ocrx_word' id='word_1_165' title='bbox 1108 3003 1509 3082; x_wconf 86' lang='lat' dir='ltr'><strong>comitatum</strong></span> <span class='ocrx_word' id='word_1_166' title='bbox 1570 3002 2266 3085; x_wconf 83' lang='lat' dir='ltr'><strong>Northymbrensium</strong></span> <span class='ocrx_word' id='word_1_167' title='bbox 2319 3006 2694 3086; x_wconf 83' lang='lat' dir='ltr'><strong>subregen-</strong></span> 
     </span>
     <span class='ocr_line' id='line_1_27' title="bbox 804 3101 2698 3186; baseline 0.001 -19"><span class='ocrx_word' id='word_1_168' title='bbox 804 3103 968 3168; x_wconf 89' lang='lat' dir='ltr'><strong>dum</strong></span> <span class='ocrx_word' id='word_1_169' title='bbox 996 3103 1456 3179; x_wconf 87' lang='lat' dir='ltr'><strong>commiserat,</strong></span> <span class='ocrx_word' id='word_1_170' title='bbox 1486 3109 1568 3168; x_wconf 90' lang='lat' dir='ltr'><strong>ut</strong></span> <span class='ocrx_word' id='word_1_171' title='bbox 1597 3121 1674 3167; x_wconf 91' lang='lat' dir='ltr'><strong>se</strong></span> <span class='ocrx_word' id='word_1_172' title='bbox 1707 3101 2086 3170; x_wconf 86' lang='lat' dir='ltr'><strong>vindicaret</strong></span> <span class='ocrx_word' id='word_1_173' title='bbox 2113 3104 2366 3168; x_wconf 88' lang='lat' dir='ltr'><strong>obnixe</strong></span> <span class='ocrx_word' id='word_1_174' title='bbox 2397 3105 2698 3186; x_wconf 81' lang='lat' dir='ltr'><strong>rogavit,</strong></span> 
     </span>
     <span class='ocr_line' id='line_1_28' title="bbox 802 3201 2698 3285; baseline 0 -17"><span class='ocrx_word' id='word_1_175' title='bbox 802 3209 875 3268; x_wconf 91' lang='lat' dir='ltr'><strong>et</strong></span> <span class='ocrx_word' id='word_1_176' title='bbox 944 3203 1249 3268; x_wconf 86' lang='lat' dir='ltr'><strong>Liulfum</strong></span> <span class='ocrx_word' id='word_1_177' title='bbox 1315 3221 1521 3285; x_wconf 87' lang='lat' dir='ltr'><strong>quam</strong></span> <span class='ocrx_word' id='word_1_178' title='bbox 1591 3201 1795 3267; x_wconf 85' lang='lat' dir='ltr'><strong>citius</strong></span> <span class='ocrx_word' id='word_1_179' title='bbox 1851 3208 2096 3284; x_wconf 84' lang='lat' dir='ltr'><strong>posset</strong></span> <span class='ocrx_word' id='word_1_180' title='bbox 2155 3203 2364 3267; x_wconf 86' lang='lat' dir='ltr'><strong>morti</strong></span> <span class='ocrx_word' id='word_1_181' title='bbox 2425 3203 2698 3268; x_wconf 81' lang='lat' dir='ltr'><strong>tradere</strong></span> 
     </span>
     <span class='ocr_line' id='line_1_29' title="bbox 802 3301 2700 3386; baseline 0.002 -21"><span class='ocrx_word' id='word_1_182' title='bbox 802 3309 1205 3368; x_wconf 86' lang='lat' dir='ltr'><strong>maturaret.</strong></span> <span class='ocrx_word' id='word_1_183' title='bbox 1312 3301 1445 3368; x_wconf 90' lang='lat' dir='ltr'><strong>Ille</strong></span> <span class='ocrx_word' id='word_1_184' title='bbox 1496 3310 1728 3370; x_wconf 86' lang='lat' dir='ltr'><strong>autem</strong></span> <span class='ocrx_word' id='word_1_185' title='bbox 1787 3301 2151 3366; x_wconf 77' lang='lat' dir='ltr'><strong>confestim</strong></span> <span class='ocrx_word' id='word_1_186' title='bbox 2211 3302 2466 3384; x_wconf 86' lang='lat' dir='ltr'><strong>iniquis</strong></span> <span class='ocrx_word' id='word_1_187' title='bbox 2523 3303 2700 3386; x_wconf 87' lang='lat' dir='ltr'><strong>peti-</strong></span> 
     </span>
     <span class='ocr_line' id='line_1_30' title="bbox 801 3399 2694 3486; baseline 0 -20"><span class='ocrx_word' id='word_1_188' title='bbox 801 3403 1103 3466; x_wconf 87' lang='lat' dir='ltr'><strong>tionibus</strong></span> <span class='ocrx_word' id='word_1_189' title='bbox 1162 3401 1608 3481; x_wconf 86' lang='lat' dir='ltr'><strong>acquiescens</strong></span> <span class='ocrx_word' id='word_1_190' title='bbox 1670 3399 1838 3477; x_wconf 77' lang='lat' dir='ltr'><strong>suiS,</strong></span> <span class='ocrx_word' id='word_1_191' title='bbox 1891 3406 1964 3464; x_wconf 90' lang='lat' dir='ltr'><strong>et</strong></span> <span class='ocrx_word' id='word_1_192' title='bbox 2019 3400 2328 3483; x_wconf 86' lang='lat' dir='ltr'><strong>episcopi</strong></span> <span class='ocrx_word' id='word_1_193' title='bbox 2389 3409 2460 3466; x_wconf 90' lang='lat' dir='ltr'><strong>et</strong></span> <span class='ocrx_word' id='word_1_194' title='bbox 2508 3403 2694 3486; x_wconf 89' lang='lat' dir='ltr'><strong>ejus—</strong></span> 
     </span>
     <span class='ocr_line' id='line_1_31' title="bbox 799 3497 2694 3578; baseline 0.003 -16"><span class='ocrx_word' id='word_1_195' title='bbox 799 3500 954 3564; x_wconf 90' lang='lat' dir='ltr'><strong>dem</strong></span> <span class='ocrx_word' id='word_1_196' title='bbox 1000 3498 1354 3563; x_wconf 84' lang='lat' dir='ltr'><strong>Leobwini</strong></span> <span class='ocrx_word' id='word_1_197' title='bbox 1398 3497 1730 3563; x_wconf 90' lang='lat' dir='ltr'><strong>militibus</strong></span> <span class='ocrx_word' id='word_1_198' title='bbox 1773 3499 1847 3566; x_wconf 83' lang='lat' dir='ltr'><strong>in</strong></span> <span class='ocrx_word' id='word_1_199' title='bbox 1892 3519 2106 3566; x_wconf 88' lang='lat' dir='ltr'><strong>unum</strong></span> <span class='ocrx_word' id='word_1_200' title='bbox 2141 3500 2572 3578; x_wconf 83' lang='lat' dir='ltr'><strong>coadunatis,</strong></span> <span class='ocrx_word' id='word_1_201' title='bbox 2601 3502 2694 3567; x_wconf 87' lang='lat' dir='ltr'><strong>ad</strong></span> 
     </span>
     <span class='ocr_line' id='line_1_32' title="bbox 799 3597 2694 3683; baseline 0.003 -22"><span class='ocrx_word' id='word_1_202' title='bbox 799 3599 1032 3662; x_wconf 89' lang='lat' dir='ltr'><strong>villam</strong></span> <span class='ocrx_word' id='word_1_203' title='bbox 1065 3597 1184 3661; x_wconf 91' lang='lat' dir='ltr'><strong>ubi</strong></span> <span class='ocrx_word' id='word_1_204' title='bbox 1212 3604 1381 3662; x_wconf 90' lang='lat' dir='ltr'><strong>tunc</strong></span> <span class='ocrx_word' id='word_1_205' title='bbox 1413 3597 1687 3663; x_wconf 81' lang='lat' dir='ltr'><strong>Liulsus</strong></span> <span class='ocrx_word' id='word_1_206' title='bbox 1716 3600 2140 3673; x_wconf 74' lang='lat' dir='ltr'><strong>morabatur,</strong></span> <span class='ocrx_word' id='word_1_207' title='bbox 2163 3606 2364 3664; x_wconf 88' lang='lat' dir='ltr'><strong>nocte</strong></span> <span class='ocrx_word' id='word_1_208' title='bbox 2393 3601 2694 3683; x_wconf 88' lang='lat' dir='ltr'><strong>quadam</strong></span> 
     </span>
     <span class='ocr_line' id='line_1_33' title="bbox 796 3696 2693 3779; baseline 0.002 -19"><span class='ocrx_word' id='word_1_209' title='bbox 796 3697 1126 3779; x_wconf 85' lang='lat' dir='ltr'><strong>perrexit,</strong></span> <span class='ocrx_word' id='word_1_210' title='bbox 1163 3716 1246 3761; x_wconf 91' lang='lat' dir='ltr'><strong>ac</strong></span> <span class='ocrx_word' id='word_1_211' title='bbox 1292 3696 1491 3764; x_wconf 90' lang='lat' dir='ltr'><strong>illum</strong></span> <span class='ocrx_word' id='word_1_212' title='bbox 1540 3716 1698 3762; x_wconf 90' lang='lat' dir='ltr'><strong>cum</strong></span> <span class='ocrx_word' id='word_1_213' title='bbox 1743 3717 1874 3762; x_wconf 91' lang='lat' dir='ltr'><strong>sua</strong></span> <span class='ocrx_word' id='word_1_214' title='bbox 1918 3697 2186 3764; x_wconf 86' lang='lat' dir='ltr'><strong>familia</strong></span> <span class='ocrx_word' id='word_1_215' title='bbox 2233 3698 2376 3764; x_wconf 86' lang='lat' dir='ltr'><strong>fere</strong></span> <span class='ocrx_word' id='word_1_216' title='bbox 2424 3706 2576 3766; x_wconf 87' lang='lat' dir='ltr'><strong>tota</strong></span> <span class='ocrx_word' id='word_1_217' title='bbox 2621 3699 2693 3764; x_wconf 91' lang='lat' dir='ltr'><strong>in</strong></span> 
     </span>
     <span class='ocr_line' id='line_1_34' title="bbox 796 3796 2694 3881; baseline 0.002 -20"><span class='ocrx_word' id='word_1_218' title='bbox 796 3798 999 3862; x_wconf 92' lang='lat' dir='ltr'><strong>domo</strong></span> <span class='ocrx_word' id='word_1_219' title='bbox 1068 3798 1360 3880; x_wconf 85' lang='lat' dir='ltr'><strong>propria</strong></span> <span class='ocrx_word' id='word_1_220' title='bbox 1408 3796 1702 3881; x_wconf 86' lang='lat' dir='ltr'><strong>injuste.</strong></span> <span class='ocrx_word' id='word_1_221' title='bbox 1730 3799 2040 3881; x_wconf 89' lang='lat' dir='ltr'><strong>peremit.</strong></span> <span class='ocrx_word' id='word_1_222' title='bbox 2160 3797 2322 3876; x_wconf 84' lang='lat' dir='ltr'><strong>Quo</strong></span> <span class='ocrx_word' id='word_1_223' title='bbox 2386 3800 2694 3880; x_wconf 85' lang='lat' dir='ltr'><strong>cognite,</strong></span> 
     </span>
     <span class='ocr_line' id='line_1_35' title="bbox 794 3897 2694 3980; baseline 0.002 -20"><span class='ocrx_word' id='word_1_224' title='bbox 794 3899 1103 3978; x_wconf 85' lang='lat' dir='ltr'><strong>graviter</strong></span> <span class='ocrx_word' id='word_1_225' title='bbox 1150 3897 1443 3962; x_wconf 88' lang='lat' dir='ltr'><strong>antistes</strong></span> <span class='ocrx_word' id='word_1_226' title='bbox 1494 3916 1587 3960; x_wconf 80' lang='lat' dir='ltr'><strong>ex</strong></span> <span class='ocrx_word' id='word_1_227' title='bbox 1636 3897 1844 3962; x_wconf 85' lang='lat' dir='ltr'><strong>corde</strong></span> <span class='ocrx_word' id='word_1_228' title='bbox 1889 3897 2270 3980; x_wconf 81' lang='lat' dir='ltr'><strong>suspiravit</strong></span> <span class='ocrx_word' id='word_1_229' title='bbox 2315 3897 2582 3976; x_wconf 86' lang='lat' dir='ltr'><strong>intimo,</strong></span> <span class='ocrx_word' id='word_1_230' title='bbox 2622 3905 2694 3964; x_wconf 89' lang='lat' dir='ltr'><strong>et</strong></span> 
     </span>
     <span class='ocr_line' id='line_1_36' title="bbox 792 3995 2694 4082; baseline 0.002 -22"><span class='ocrx_word' id='word_1_231' title='bbox 792 3997 1055 4079; x_wconf 91' lang='lat' dir='ltr'><strong>capitio</strong></span> <span class='ocrx_word' id='word_1_232' title='bbox 1096 3997 1181 4060; x_wconf 91' lang='lat' dir='ltr'><strong>de</strong></span> <span class='ocrx_word' id='word_1_233' title='bbox 1212 3997 1440 4078; x_wconf 81' lang='lat' dir='ltr'><strong>capite</strong></span> <span class='ocrx_word' id='word_1_234' title='bbox 1483 3995 1797 4064; x_wconf 83' lang='lat' dir='ltr'><strong>detracto</strong></span> <span class='ocrx_word' id='word_1_235' title='bbox 1838 4004 1910 4060; x_wconf 89' lang='lat' dir='ltr'><strong>et</strong></span> <span class='ocrx_word' id='word_1_236' title='bbox 1937 3998 2024 4062; x_wconf 85' lang='lat' dir='ltr'><strong>in</strong></span> <span class='ocrx_word' id='word_1_237' title='bbox 2069 4004 2324 4064; x_wconf 87' lang='lat' dir='ltr'><strong>terram</strong></span> <span class='ocrx_word' id='word_1_238' title='bbox 2359 3998 2694 4082; x_wconf 89' lang='lat' dir='ltr'><strong>projecto,</strong></span> 
     </span>
     <span class='ocr_line' id='line_1_37' title="bbox 794 4094 2696 4178; baseline 0.003 -21"><span class='ocrx_word' id='word_1_239' title='bbox 794 4094 1191 4172; x_wconf 87' lang='lat' dir='ltr'><strong>Leobwin0,</strong></span> <span class='ocrx_word' id='word_1_240' title='bbox 1222 4097 1340 4177; x_wconf 87' lang='lat' dir='ltr'><strong>qui</strong></span> <span class='ocrx_word' id='word_1_241' title='bbox 1388 4102 1555 4159; x_wconf 89' lang='lat' dir='ltr'><strong>tunc</strong></span> <span class='ocrx_word' id='word_1_242' title='bbox 1601 4114 1908 4178; x_wconf 87' lang='lat' dir='ltr'><strong>praesens</strong></span> <span class='ocrx_word' id='word_1_243' title='bbox 1951 4095 2216 4172; x_wconf 88' lang='lat' dir='ltr'><strong>aderat,</strong></span> <span class='ocrx_word' id='word_1_244' title='bbox 2252 4097 2473 4161; x_wconf 89' lang='lat' dir='ltr'><strong>tristis</strong></span> <span class='ocrx_word' id='word_1_245' title='bbox 2513 4097 2696 4162; x_wconf 81' lang='lat' dir='ltr'><strong>dixit</strong></span> 
     </span>
     <span class='ocr_line' id='line_1_38' title="bbox 790 4193 2698 4272; baseline 0.002 -14"><span class='ocrx_word' id='word_1_246' title='bbox 790 4195 1165 4260; x_wconf 84' lang='lat' dir='ltr'><strong>continuo:</strong></span> <span class='ocrx_word' id='word_1_247' title='bbox 1248 4201 1266 4228; x_wconf 93' lang='lat'>‘</span> <span class='ocrx_word' id='word_1_248' title='bbox 1288 4193 1484 4272; x_wconf 84' lang='lat' dir='ltr'><strong>Tuis,</strong></span> <span class='ocrx_word' id='word_1_249' title='bbox 1532 4193 1926 4272; x_wconf 80' lang='lat' dir='ltr'><strong>Leobwiue‚</strong></span> <span class='ocrx_word' id='word_1_250' title='bbox 1971 4196 2387 4261; x_wconf 88' lang='lat' dir='ltr'><strong>factionibus</strong></span> <span class='ocrx_word' id='word_1_251' title='bbox 2437 4197 2698 4262; x_wconf 88' lang='lat' dir='ltr'><strong>dolosis</strong></span> 
     </span>
    </p>
   </div>
   <div class='ocr_carea' id='block_1_3' title="bbox 3036 3051 3065 5023">
    <p class='ocr_par' dir='ltr' id='par_1_3' title="bbox 3036 3051 3065 5023">
     <span class='ocr_line' id='line_1_39' title="bbox 3036 3051 3065 5023; baseline 0 0"><span class='ocrx_word' id='word_1_252' title='bbox 3036 3051 3065 5023; x_wconf 95' lang='lat' dir='ltr'><strong> </strong></span> 
     </span>
    </p>
   </div>
  </div>
 </body>
</html>
