3107 5054
773 499 1158 548 smnus-1⁸11
1208 499 1765 549 wlconmnnsls.
2093 485 2226 550 259

422 651 850 732 Alexander,
905 657 1040 720 Dei
1096 655 1326 738 gratia
1379 639 1507 720 rex
1575 655 1852 734 Scotiae,
1909 658 2224 722 omnibus
2250 675 2544 724 numment

328 751 591 817 Christi
622 754 961 833 fidelibus,
992 756 1123 820 hoc
1174 756 1506 838 scriptum
1559 755 1812 820 visuris
1865 757 1976 821 vel
2033 758 2224 822 audi·
2248 725 2548 824 ‘I’ffflssffeffiff

2247 828 2292 864 to
2309 825 2384 864 the
2401 834 2514 863 mar-
2604 834 2610 839 ·

322 851 526 928 turiS,
588 854 907 920 salutem.
1043 854 1157 920 Ad
1231 863 1534 921 vestram
1601 857 1921 920 volumus
1987 859 2222 923 venire
2247 875 2425 924 naseos
2437 874 2506 913 111·

323 951 670 1028 notitiam,
702 973 829 1018 nos
864 975 993 1037 pro
1022 956 1220 1020 nobis
1250 965 1323 1020 et
1350 955 1738 1020 haeredibus
1770 957 2028 1020 nostris
2059 923 2544 1023 con·—‹⁸12¹1'11K1it‘aeiifffie

324 1050 641 1128 cessisse,
672 1059 743 1118 et
790 1053 1085 1140 fideliter
1129 1054 1528 1136 promisisse
1556 1055 1914 1119 carissimo
1946 1062 2018 1120 et
2049 1056 2220 1138 ligio
2248 1026 2396 1073 ³⁰¹¹*
2413 1023 2499 1062 ω’

324 1149 607 1214 domino
653 1159 889 1217 nostro
928 1153 1262 1232 Henrico,
1297 1154 1435 1218 Dei
1478 1154 1707 1236 gratia
1751 1156 1899 1236 regi
1942 1153 2220 1236 Angliae

320 1248 601 1327 illustri,
652 1253 931 1318 domino
980 1253 1051 1318 H
1059 1255 1384 1337 yberniae,
1442 1253 1604 1316 duci
1653 1253 2104 1318 Normanniae
2148 1263 2222 1321 et

318 1347 741 1430 Aquitaniae,
774 1359 844 1417 et
879 1354 1115 1417 comiti
1152 1352 1600 1434 Andegaviae,
1629 1361 1701 1417 et
1737 1353 1884 1418 suis
1929 1353 2218 1419 haeredi-

316 1448 475 1524 buS,
506 1450 689 1530 quod
717 1451 793 1514 in
832 1460 1239 1535 perpetuum
1278 1453 1343 1517 ei
1379 1454 1630 1517 bonam
1669 1452 1870 1516 fidem
1909 1455 2218 1518 servabi-

318 1565 499 1624 muS,
534 1551 793 1634 pariter
820 1559 893 1616 et
940 1571 1265 1617 amorem.
1355 1551 1447 1616 Et
1482 1553 1670 1635 quod
1703 1571 2055 1634 nunquam
2097 1553 2218 1617 ali-

282 1699 289 1706 .
320 1646 492 1727 quid
527 1647 755 1714 foedus
784 1651 1109 1718 inibimus
1138 1671 1261 1734 per
1294 1669 1445 1728 nos,
1468 1651 1580 1716 vel
1609 1669 1732 1733 per
1758 1652 2028 1734 aliquos
2058 1671 2220 1716 nos-

319 1754 471 1809 tros
498 1767 589 1811 ex
622 1757 823 1831 parte
852 1758 1115 1827 nostra,
1154 1769 1308 1816 cum
1348 1751 1640 1814 inimicis
1670 1769 1910 1832 regum
1940 1750 2223 1832 Angliae

268 1846 441 1920 ,vel
492 1848 842 1912 haeredum
878 1869 1185 1926 suorum,
1226 1849 1313 1912 ad
1359 1867 1677 1930 guerram
1721 1850 2223 1930 procurandam

326 1946 442 2010 vel
485 1946 892 2026 faciendam,
936 1949 1118 2012 unde
1146 1949 1471 2013 damnum
1518 1948 1616 2011 eis
1656 1949 1767 2011 vel
1795 1949 2042 2030 'regnis
2077 1950 2224 2012 suis

327 2043 608 2126 Angliae
662 2054 735 2111 et
804 2048 877 2113 H
884 2049 1210 2132 yberniae,
1275 2054 1399 2111 aut
1467 2046 1736 2111 caeteris
1808 2047 2012 2112 terris
2075 2049 2222 2112 suis

324 2146 630 2223 eveniat,
680 2148 790 2211 vel
827 2148 1046 2229 possit
1089 2147 1525 2230 aliquatenus
1571 2145 1870 2224 evenire,
1922 2147 2056 2210 nisi
2095 2166 2223 2212 nos

324 2244 587 2327 injuste
616 2255 933 2326 gravent.
1014 2247 1508 2328 Stantibusque
1538 2246 1611 2309 in
1639 2264 1766 2309 suo
1796 2248 2044 2310 robore
2065 2265 2226 2310 con-

328 2346 771 2410 ventionibus
809 2347 993 2410 inter
1034 2366 1161 2410 nos
1198 2353 1269 2410 et
1302 2346 1564 2410 dictum
1593 2345 1945 2409 dominum
1989 2365 2224 2426 regem

330 2441 617 2526 Angliae
644 2446 835 2510 initis
865 2445 1111 2510 ultimo
1146 2445 1331 2529 apud
1366 2446 1780 2522 Eboracum,
1815 2446 1888 2508 in
1920 2463 2224 2527 praesen-

332 2544 433 2607 tia
480 2545 736 2609 domini
784 2545 1102 2624 Othonis,
1149 2546 1389 2610 Sancti
1442 2545 2232 2610 Nicholai-in-Carcere-

333 2642 527 2709 Tull.
558 2645 855 2723 diaconi,
886 2652 1053 2709 tunc
1084 2645 1484 2727 apostolicae
1519 2646 1702 2709 sedis
1731 2644 1948 2727 legati
1976 2645 2047 2708 in
2078 2644 2230 2711 An-

336 2743 506 2825 glia.
565 2745 656 2808 Et
684 2744 898 2809 salvis
928 2746 1501 2810 conventionibus
1523 2744 1725 2807 sactis
1754 2764 1962 2825 super
1988 2745 2228 2808 matri-

334 2844 569 2907 monio
598 2844 1063 2911 contrahendo
1092 2846 1271 2910 inter
1304 2844 1519 2908 filium
1561 2852 1872 2908 nostrum
1906 2851 1977 2908 et
2015 2842 2228 2907 filiam

334 2942 504 3007 dicti
534 2943 791 3008 domini
819 2946 1002 3026 regis
1024 2942 1323 3025 Angliae.
1380 2944 1471 3008 Et
1500 2951 1580 3008 ut
1605 2944 1758 3008 haec
1790 2950 2033 3010 nostra
2063 2954 2229 3007 con-

338 3043 562 3106 cessio
631 3052 702 3109 et
769 3045 1157 3128 promissio,
1220 3063 1347 3125 pro
1419 3044 1620 3108 nobis
1697 3050 1770 3107 et
1845 3042 2232 3107 haeredibus

343 3144 597 3207 nostris
663 3151 1015 3227 perpetuae
1074 3143 1423 3207 firmitatis
1475 3144 1690 3205 robur
1750 3143 2088 3216 obtineat,
2134 3142 2234 3205 fe-

340 3243 560 3305 cimus
583 3242 823 3327 jurare
850 3245 924 3308 in
956 3246 1257 3308 animam
1278 3249 1587 3306 nostram
1608 3239 1908 3303 Alanum
1942 3240 2234 3303 Hostia-

340 3343 545 3418 rium,
594 3343 693 3407 H.
742 3343 826 3407 de
891 3342 1172 3408 Bailloil
1240 3349 1311 3407 et
1373 3347 1683 3417 caeterOS,
1741 3338 1927 3421 quod
2007 3338 2238 3403 omnia

341 3441 677 3523 praedicta
721 3443 907 3507 bona
954 3443 1089 3507 fide
1133 3440 1422 3506 firmiter
1470 3448 1541 3504 et
1581 3439 1877 3505 fideliter
1909 3440 2234 3503 observa-

344 3544 592 3607 bimus.
697 3542 789 3606 Et
839 3542 1155 3607 similiter
1190 3542 1433 3626 jurare
1482 3540 1770 3603 fecimus
1811 3538 2237 3603 venerabiles

288 3696 293 3704 .
338 3649 605 3726 patreS,
637 3642 893 3720 David,
926 3641 1381 3717 Willelmum,
1410 3650 1483 3704 et
1513 3639 1926 3715 Galfridum,
1973 3646 2045 3701 et
2076 3638 2235 3704 Cle-

343 3750 672 3818 mentem,
724 3742 795 3805 S.
829 3740 1153 3818 Andreae,
1199 3740 1596 3804 Glasconiae
1629 3746 1699 3801 et
1753 3745 2039 3802 caeteros
2089 3739 2234 3819 epi-

343 3860 622 3924 scopos,
725 3842 818 3904 Et
861 3848 1197 3923 praeterea
1223 3838 1459 3903 fideles
1500 3844 1798 3913 nostroS,
1854 3835 2236 3899 Patricium

346 3943 675 4006 comitem
738 3940 825 4003 de
888 3941 1204 4016 Dunbar,
1269 3938 1720 4003 Malcolmum
1783 3935 2104 4000 comitem
2151 3935 2238 3999 de

351 4041 541 4117 Vief,
574 4048 643 4104 et
689 4045 975 4105 caeteros
1002 4060 1019 4119 3
1067 4039 1251 4120 quod
1291 4038 1351 4101 si
1382 4056 1509 4101 nos
1540 4036 1651 4100 vel
1682 4034 1985 4099 haeredes
2020 4035 2240 4097 nostri

350 4148 597 4206 contra
622 4140 1133 4203 concessionem
1167 4145 1238 4200 et
1260 4138 1658 4221 praedictam
1693 4134 2238 4217 promissionem,

348 4241 538 4325 quod
606 4239 810 4315 absit,
864 4239 1275 4313 venerimuS,
1334 4237 1469 4318 ipsi
1520 4242 1591 4298 et
1639 4234 1944 4297 haeredes
2003 4252 2239 4297 eorum

1896 4356 1983 4400 s2
