3107 5054
880 483 972 547 94
1375 498 1877 549 com-munao
1922 498 2277 547 eunome}

879 656 1139 721 Eodem
1195 656 1406 720 etiam
1467 657 1581 721 die
1632 664 1703 721 et
1752 656 1992 721 eadem
2041 655 2238 732 hora,
2284 655 2505 720 stellae
2544 670 2787 736 quam-

875 756 1194 838 plurimae
1255 775 1665 839 apparuere.
1795 756 2090 820 Necnon
2149 755 2389 819 eodem
2438 754 2573 830 die,
2626 773 2783 818 cum

875 874 1094 919 naves
1159 854 1249 919 ad
1313 855 1634 938 praedicti
1697 854 1885 937 regis
1943 854 2315 918 transitum
2377 861 2643 937 paratae
2714 855 2783 916 in

874 954 1106 1019 littore
1175 955 1498 1019 anchoris
1562 954 2029 1031 firmarentur,
2096 954 2273 1017 mari
2335 953 2786 1036 pacatissimo

875 1062 1226 1137 ventoque
1283 1054 1683 1137 permodico
1740 1055 2113 1130 existente,
2164 1052 2530 1137 cujusdam
2586 1054 2789 1116 navis

873 1172 1148 1235 mag-nae
1199 1153 1524 1218 anchorae
1568 1173 1613 1218 a
1666 1160 1855 1217 terra
1900 1154 2103 1234 quasi
2148 1153 2219 1216 vi
2270 1152 2509 1233 aliqua
2554 1153 2787 1216 subito

873 1253 1146 1316 avulsae
1197 1260 1387 1327 sunt,
1429 1254 1771 1335 navisque
1822 1260 2193 1329 commota,
2238 1252 2478 1316 multis
2528 1252 2787 1315 miran-

873 1352 1086 1429 tibus,
1141 1370 1434 1435 eamque
1480 1360 1719 1416 tenere
1768 1352 2149 1417 nitentibus
2194 1370 2325 1414 nec
2362 1352 2785 1428 valentibus,

873 1450 1006 1514 sibi
1038 1452 1432 1533 proximam
1461 1470 1711 1515 navem
1733 1451 2127 1527 commovit,
2154 1458 2227 1514 et
2252 1450 2355 1514 sic
2382 1468 2543 1515 vm.
2566 1470 2787 1516 naves

873 1550 948 1613 vi
971 1550 1218 1631 ignota
1257 1560 1625 1615 commotae
1668 1558 1858 1629 sunt,
1890 1557 1969 1614 ut
2000 1550 2197 1613 nulla
2237 1550 2515 1614 illarum
2560 1551 2786 1615 illaesa

873 1650 1337 1715 remansisset.
1443 1650 1656 1715 Multi
1702 1669 1981 1733 quoque
2024 1649 2373 1727 dixerunt,
2406 1670 2507 1728 se,
2538 1650 2781 1715 eodem

871 1747 984 1812 die
1015 1756 1088 1813 et
1115 1749 1302 1815 circa
1330 1750 1618 1814 eandem
1658 1749 1928 1827 horam,
1959 1749 2217 1813 vidisse
2244 1749 2319 1812 in
2352 1750 2781 1815 Eboracensi

872 1848 1232 1930 provincia
1259 1850 1593 1915 ecclesias
1622 1850 2069 1932 quamplures
2100 1849 2304 1931 quasi
2338 1850 2589 1913 sudore
2626 1871 2783 1933 per·

871 1948 1107 2011 valido
1137 1947 1589 2013 madefactas,
1696 1948 1875 2013 Haec
1919 1948 2157 2012 omnia
2186 1956 2311 2013 Ἰν.
2360 1968 2578 2013 nonas
2630 1950 2778 2014 Au-

874 2048 1065 2128 gusti
1111 2048 1188 2128 [2
1252 2046 1498 2130 Aug.],
1558 2065 1653 2111 lv,
1690 2049 1899 2113 etiam
1948 2048 2145 2124 feria,
2194 2055 2272 2111 ut
2322 2047 2583 2113 dictum
2650 2059 2779 2125 est,

546 2163 614 2203 Au
635 2164 775 2202 earth-
871 2147 1332 2228 contigerunt.
1435 2148 1657 2211 Sexta
1698 2156 1933 2211 autem
1987 2146 2159 2211 feria
2202 2147 2511 2231 ejusdem
2560 2150 2777 2231 septi-

543 2222 768 2313 ιποᾱίεῑῖῗ.
871 2264 1120 2323 manee,
1143 2247 1410 2311 scilicet
1441 2264 1519 2311 11.
1558 2266 1783 2310 nonas
1811 2247 2122 2332 ejusdem
2143 2248 2397 2311 mensis
2427 2247 2504 2328 [4
2523 2248 2777 2330 Aug-‚L

872 2365 1144 2410 summo
1189 2365 1390 2411 mane
1420 2347 1492 2411 in
1522 2343 1842 2428 pluribus
1881 2346 2160 2428 Angliae
2205 2348 2523 2428 partibus
2572 2354 2776 2412 terrae

873 2454 1106 2509 motus
1169 2446 1396 2509 factus
1449 2453 1560 2509 est
1612 2464 1931 2527 magnus.
2040 2445 2351 2510 Fuerunt
2394 2448 2605 2510 etiam
2662 2450 2776 2531 qui

871 2545 1204 2622 dicerent,
1247 2565 1324 2610 se
1365 2546 1436 2609 in
1479 2547 1932 2630 subsequenti
1983 2545 2440 2622 hebdomada,
2470 2547 2647 2612 feria
2679 2566 2777 2626 11.,

871 2653 1079 2709 sexto
1131 2645 1450 2710 videlicet
1495 2646 1653 2710 idus
1708 2646 1965 2709 mensis
2022 2645 2335 2729 ejusdem
2392 2645 2467 2731 [8
2525 2647 2775 2734 Aug.],

870 2763 1026 2808 cum
1073 2746 1242 2809 luna
1269 2746 1448 2810 foret
1484 2762 1621 2822 111„
1650 2746 1877 2827 ipsam
1911 2745 2170 2810 vidisse
2214 2745 2505 2828 primam
2543 2750 2774 2828 qualis

867 2843 940 2906 in
981 2844 1108 2908 tali
1151 2850 1362 2909 aetate
1394 2864 1548 2909 esse
1590 2845 1792 2923 solet,
1846 2864 2203 2927 parvoque
2256 2846 2629 2911 intervallo
2663 2869 2774 2914 ve-

869 2961 1070 3025 spere
1133 2944 1446 3029 ejusdem
1515 2963 1593 3008 se
1654 2945 1880 3028 ipsam
1948 2945 2205 3009 vidisse
2266 2965 2620 3028 magnam,
2682 2947 2771 3012 ad

867 3041 1147 3108 modum
1175 3045 1355 3108 scuti
1390 3044 1673 3109 rotundi
1710 3045 2049 3127 valdeque
2082 3045 2454 3110 rutilantis.
2558 3047 2771 3111 Dice-

867 3142 1038 3206 bant
1079 3161 1357 3227 quoque
1404 3145 1667 3227 plures,
1710 3163 1787 3208 se
1840 3145 1999 3226 ipsa
2043 3152 2249 3209 nocte
2296 3131 2551 3209 vidisse
2592 3147 2771 3211 duas

868 3240 1097 3320 lunas,
1147 3243 1330 3308 inter
1383 3263 1460 3309 se
1522 3244 1727 3326 quasi
1784 3243 2217 3326 longitudino
2276 3244 2501 3309 hastae
2562 3247 2771 3310 unius

867 3342 1232 3408 distantes.

567 3458 826 3500 A.1>.1la³.
973 3441 1132 3504 Rex
1171 3449 1404 3506 autem
1443 3441 1820 3506 Heinricus
1864 3461 2055 3506 mare
2090 3441 2457 3520 transiens,
2490 3443 2773 3527 reliquit

542 3525 833 3616 ssssssrfffflss‘.
872 3539 1228 3620 Angliam,
1277 3540 1456 3621 petit
1508 3541 2035 3619 Normanniam,
2092 3562 2231 3606 non
2282 3542 2574 3606 ulterius
2623 3544 2769 3608 vita

539 3625 781 3716 ῧζῗξζςω
867 3638 1122 3702 comite
1163 3639 1536 3717 rediturus,
1583 3640 1695 3704 vel
1738 3641 2015 3704 visurus
2061 3638 2417 3724 Angliam.
2524 3642 2769 3707 Mense

542 3725 688 3767 bum·
870 3739 942 3803 N
945 3740 1214 3803 ovemb.
1269 3740 1517 3804 civitas
1559 3740 1954 3822 Wigornia,
2002 3749 2079 3804 ut
2119 3742 2359 3805 crebro
2408 3742 2609 3820 solet,
2661 3744 2767 3806 in-

864 3839 1109 3903 cendio
1143 3840 1626 3921 conflagravit.

541 3931 685 4037 1³23
699 3932 815 4036 3³⁴·
969 3940 1381 4016 Rotbertu8‚
1445 3940 1665 4003 frater
1724 3939 1911 4020 regis
1994 3938 2336 4016 Heinrici,
2418 3941 2769 4022 quondam

539 4048 656 4087 duke
668 4049 840 4088 Robert·
865 4059 1096 4103 comes
1128 4039 1200 4103 N
1203 4040 1605 4116 ermanniae,
1636 4038 1758 4102 sed
1796 4039 2233 4120 postmodum
2282 4040 2370 4102 ab
2416 4039 2538 4103 illo
2584 4040 2656 4103 N
2660 4061 2771 4104 or-

865 4140 1162 4202 manniae
1205 4146 1519 4202 morante
1576 4138 1758 4221 apud
1806 4138 2158 4220 quoddam
2212 4147 2540 4217 castrum,
2584 4141 2767 4222 quod
