3107 5054
846 499 1233 549 rmnnmn
1283 501 1844 553 wleoamsnsns.
2165 488 2294 557 231

394 664 813 743 sumpserat,
862 678 1123 723 corona
1178 660 1372 741 reg-ni
1424 658 1680 724 Siciliae
1737 657 1904 727 fecit
1954 663 2293 727 coronari.

394 756 561 823 Hoc
590 777 779 824 anno
812 766 884 823 et
908 759 1177 824 duobus
1202 759 1752 843 praecedentibus
1777 759 2044 825 fructus
2073 763 2294 827 omni-

397 877 513 921 um
586 858 1037 940 gardinorum
1092 879 1217 942 per
1278 858 1610 941 Angliam
1674 859 1820 925 sere
1873 859 2291 929 defecerunt.

393 956 463 1021 A
528 957 713 1023 clero
774 959 1151 1041 provinciae
1210 958 1734 1024 Cantuariensis
1795 979 2123 1025 concessa
2185 969 2292 1027 est
2314 980 2352 1019 Δ
2369 982 2494 1030 crunt
2511 980 2598 1020 or·

394 1056 671 1122 domino
700 1058 875 1140 regi,
906 1058 981 1123 in
1022 1058 1403 1123 subsidium
1444 1078 1706 1140 guerrae
1753 1078 1922 1138 suae,
1963 1060 2291 1127 vicesima
2311 1030 2539 1119 ἷῖἶῗτιωὴ
2557 1032 2608 1120 3

394 1158 701 1220 omnium
748 1164 1207 1241 proventuum
1264 1158 1884 1225 ecclesiastieorum
1943 1176 2068 1243 per
2115 1159 2292 1227 duos
2312 1130 2604 1220 {wimar-⁶⁶

393 1274 638 1334 annos,
686 1257 1063 1321 secundum
1113 1259 1544 1323 taxationem
1580 1257 1902 1336 Walteri,
1944 1261 2290 1342 quondam
2312 1230 2433 1280 ω’

399 1353 471 1418 N
474 1354 869 1421 orwicensis
923 1357 1248 1440 episcopi.
1351 1356 1769 1435 Richardus,
1813 1358 2027 1425 abbas
2055 1358 2292 1425 West-

394 1456 981 1533 monasteriensis,
1012 1455 1272 1521 domini
1314 1458 1497 1538 regis
1531 1456 2032 1537 thesaurarius,
2066 1460 2293 1542 prima

394 1553 509 1617 die
559 1556 813 1619 mensis
860 1555 1267 1620 Decembris
1324 1556 1519 1634 obiit,
1563 1556 1904 1640 tertiaque
1954 1565 2117 1641 post
2157 1560 2290 1625 hoc

392 1652 505 1716 die
549 1654 735 1736 apud
771 1654 1469 1720 Westmonasterium
1518 1656 1899 1739 sepulturae
1939 1676 2290 1724 commen-

391 1753 639 1827 datur-3
693 1754 811 1818 cui
838 1756 1173 1820 successit
1199 1754 1560 1819 Walterus
1585 1756 1670 1819 de
1701 1755 2068 1834 Wenloch,
2103 1758 2288 1841 ejus-

388 1852 549 1915 dem
576 1853 711 1918 loci
739 1855 1140 1919 monachus.
1192 1854 1533 1919 Dominus
1565 1874 1691 1918 rex
1715 1854 1975 1920 Natale
2005 1856 2289 1921 Domini

388 1952 577 2034 apud
637 1952 991 2018 Rothelan
1040 1954 1113 2017 in
1140 1952 1405 2019 Wallia
1435 1954 1837 2019 celebravit.
1941 1954 2288 2020 Soldanus

392 2050 803 2134 Babyloniae
859 2052 1270 2135 defungitur.
1374 2052 1752 2118 Londoniae
1811 2059 1882 2118 et
1938 2072 2064 2136 per
2117 2074 2288 2120 non-

388 2150 587 2215 nulla
641 2151 799 2216 loca
864 2151 1145 2235 Angliae
1216 2158 1437 2217 tantae
1507 2152 1702 2217 mirae
1774 2154 2286 2219 coruscationes

386 2256 746 2333 tantaque,
791 2249 904 2315 die
940 2251 1013 2317 S.
1045 2252 1383 2335 Stephani
1410 2251 1532 2332 [26
1564 2251 1802 2333 Dec.],
1836 2252 2080 2317 audita
2123 2260 2286 2317 sunt

383 2350 718 2428 tonitrua,
736 2352 921 2431 quod
954 2351 1394 2416 audientibus
1427 2354 1500 2415 et
1528 2350 1920 2421 videntibus
1953 2358 2284 2419 terrorem

386 2456 463 2513 et
509 2449 861 2515 horrorem
910 2470 1051 2515 non
1088 2451 1433 2515 modicum
1476 2450 1935 2515 incusserunt.
2040 2452 2284 2516 AEstas

386 2556 567 2629 tota,
626 2569 784 2615 cum
858 2551 1169 2616 maxima
1250 2551 1567 2616 autumni
1629 2551 1986 2635 sequentis
2059 2558 2284 2634 parte,

384 2649 836 2715 vehementer
870 2651 1192 2715 continue
1226 2650 1550 2734 pluviosa
1593 2669 1868 2716 omnem
1913 2649 2056 2714 fere
2088 2669 2284 2734 spem

386 2755 700 2814 satorum
731 2749 805 2815 in
836 2749 1040 2815 viridi
1072 2749 1327 2815 delusit
1352 2749 1425 2813 in
1454 2749 1674 2814 arido.

494 2848 742 2914 Frater
796 2849 843 2914 J
848 2849 1155 2914 ohannes
1202 2849 1292 2914 de
1350 2849 1835 2931 Derelington,
1901 2846 1988 2914 de
2042 2847 2284 2913 ordine
2325 2869 2446 2910 nn.
2468 2870 2582 2911 1284.

386 2948 681 3012 fratrum
736 2946 1291 3031 praedicatorum,
1355 2948 1920 3032 archiepiscopus
1983 2947 2280 3013 Dublin·
2305 2936 2609 3036 fflfflffl'fff

386 3047 596 3124 ensis,
648 3066 805 3127 non⁴
834 3048 1078 3130 procul
1120 3067 1169 3112 a
1222 3049 1505 3114 civitate
1559 3047 1959 3126 Londoniae,
2018 3065 2086 3114 v,
2136 3046 2279 3112 kal.

386 3145 653 3229 Aprilis
711 3145 831 3232 [28
877 3147 1092 3234 Man]
1143 3147 1219 3211 in
1248 3146 1413 3213 fata
1460 3146 1781 3224 decessit,
1831 3145 2282 3229 sepultusque

384 3253 497 3310 est
549 3247 623 3310 in
674 3265 861 3311 nova
922 3247 1215 3312 ecelesia
1268 3248 1564 3310 fratrum
1615 3244 2148 3328 praedicatorum
2207 3245 2282 3308 in

384 3345 675 3412 castello
710 3345 1042 3410 Bainardi
1063 3345 1505 3411 Londonens.
1582 3344 1719 3409 Die
1746 3343 2066 3420 Paschae,
2091 3343 2282 3408 vide-

383 3444 551 3509 lieet
582 3462 651 3509 v·
682 3446 777 3510 id.
799 3445 1064 3527 Aprilis
1099 3443 1174 3530 [9
1196 3443 1433 3530 Apr.],
1461 3443 1647 3527 apud
1663 3443 1744 3509 S.
1775 3442 2283 3521 Eadmundum,

384 3543 572 3608 circa
621 3545 865 3610 horam
920 3545 1057 3610 diei
1110 3545 1427 3628 primam,
1490 3550 1638 3609 tam
1707 3543 1940 3608 subita
2001 3549 2282 3626 tamque

384 3643 747 3726 repentina
792 3641 1157 3708 fulminum
1194 3644 1608 3722 coruscatiO,
1659 3649 1804 3708 tam
1855 3643 2066 3708 etiam
2121 3663 2285 3708 con-

384 3743 722 3821 tinuatus,
788 3763 945 3808 cum
1004 3743 1276 3825 fulgore
1326 3743 1640 3820 tonitrui,
1709 3741 1945 3822 fragor
1988 3743 2285 3823 contigit

383 3841 905 3920 immoderatuS,
965 3842 1151 3926 quod
1196 3843 1317 3908 vix
1373 3840 1495 3923 qui
1564 3840 1934 3905 audierunt
1993 3839 2285 3922 pedibus

383 3949 572 4007 stare
622 3949 1024 4025 potuerunt.
1150 3942 1243 4007 Et
1301 3961 1462 4006 cum
1528 3946 1729 4004 tanta
1803 3946 1967 4004 tunc
2031 3938 2284 4002 ibidem

382 4042 793 4124 contigisset
831 4041 1265 4124 tempestatis
1294 4039 1749 4116 vehementia,
1778 4036 2103 4102 damnum
2133 4038 2289 4101 nul-

382 4143 527 4208 lum
561 4161 691 4225 per
721 4141 1019 4224 patriam
1054 4141 1240 4217 feeit,
1266 4149 1389 4206 aut
1414 4138 1900 4225 permodicum.
1977 4137 2286 4206 Eandem

381 4248 899 4326 tempestatem,
959 4239 1218 4307 eisdem
1283 4241 1392 4305 die
1454 4247 1527 4304 et
1590 4238 1785 4316 hora,
1845 4238 1917 4302 in
1972 4238 2287 4321 partibus
