3107 5054
568 1863 680 1904 How
695 1863 770 1906 tho

567 1915 673 1963 Mne
690 1913 739 1953 os

566 1964 765 2004 scotland
782 1963 821 2004 lu

560 2018 607 2054 to
622 2016 675 2055 bo
690 2025 754 2054 ro-

562 2064 709 2105 eered
725 2075 779 2104 on
792 2063 861 2106 hin

562 2125 654 2164 way
672 2119 717 2156 to
732 2115 818 2156 and

561 2165 686 2212 from,
705 2165 790 2206 and

563 2215 717 2265 during
733 2213 803 2254 his

565 2269 659 2314 stay
676 2269 721 2305 at
735 2265 811 2305 tho

565 2315 745 2365 English

564 2369 697 2406 court.

880 479 1015 546 262
1370 493 1693 543 commu
1707 493 1872 542 Amo
1917 495 2272 544 cunomei

882 651 1157 730 mensis,
1188 660 1527 718 venerunt
1579 669 1782 734 reges
1833 650 1924 714 ad
1979 649 2551 734 Gaidingtonam,
2579 658 2652 714 et
2689 652 2785 715 ibi

884 754 957 816 in
1044 753 1350 818 crastino
1426 772 1692 818 moram
1767 750 2102 819 fecerunt.
2227 752 2320 816 Et
2389 753 2464 816 in
2538 751 2784 832 vigilia

887 851 1179 917 Paschae
1210 852 1287 936 [9
1322 852 1532 936 Apr.]
1563 858 1908 918 venerunt
1935 851 2142 916 iidem
2181 870 2382 934 reges
2415 851 2502 915 ad
2549 851 2784 914 Nord-

884 951 1309 1030 hamtonam,
1388 961 1459 1018 et
1532 953 1646 1018 die
1733 953 2052 1035 sequenti
2126 953 2442 1017 fecerunt
2523 969 2786 1014 moram

884 1051 1162 1117 ibidem.
1268 1052 1411 1118 Ubi
1452 1073 1584 1118 rex
1611 1050 1924 1135 Angliae,
1952 1052 2194 1117 habito
2237 1071 2396 1116 cum
2443 1049 2786 1133 episcopis

886 1159 959 1217 et
986 1153 1431 1235 magnatibus
1460 1151 1740 1235 Angliae
1773 1169 1929 1215 cum
1953 1152 2449 1217 deliberatione
2473 1150 2786 1227 consilio,

884 1252 1242 1335 respondit
1272 1252 1423 1334 reg-i
1453 1252 1878 1330 Scottorum,
1909 1251 2094 1334 quod
2127 1252 2528 1335 petitionem
2563 1269 2786 1328 suam,

885 1370 1094 1434 quam
1162 1351 1422 1417 fecerat
1482 1352 1570 1416 de
1635 1350 2176 1428 Nordhumbria,
2249 1351 2446 1417 nulla
2521 1351 2789 1415 ratione

883 1450 1110 1516 facere
1140 1451 1492 1529 debuerat,
1536 1459 1610 1517 et
1657 1453 1960 1516 maxime
1989 1451 2130 1516 illis
2161 1451 2406 1516 diebus
2437 1452 2509 1516 in
2537 1451 2788 1534 quibus

884 1555 1123 1614 omnes
1173 1551 1315 1615 fere
1359 1552 1702 1634 principes
1741 1553 1938 1635 regni
1973 1551 2398 1616 Francorum
2426 1550 2597 1615 facti
2625 1556 2788 1613 sunt

886 1650 955 1713 ei
1004 1650 1281 1715 inimici.
1401 1649 1588 1715 Nam
1655 1651 1718 1716 si
1768 1652 1900 1718 hoc
1953 1653 2018 1716 ei
2077 1652 2381 1728 fecisset,
2439 1649 2789 1715 videretur

886 1748 1068 1831 quod
1114 1749 1245 1815 hoc
1284 1751 1509 1832 magis
1555 1770 1647 1815 ex
1681 1752 1926 1817 timore
1973 1750 2397 1834 procederet,
2441 1769 2654 1833 quam
2699 1769 2786 1812 ex

886 1848 1274 1916 dilectione.
1354 1851 1622 1914 Tamen
1653 1870 1774 1915 rex
1806 1851 2106 1933 Angliae,
2125 1852 2198 1915 in
2234 1851 2606 1934 praesentia
2639 1868 2787 1912 ma-

890 1950 1014 2014 tris
1058 1969 1199 2013 snae
1245 1949 1623 2026 Alienorae,
1669 1958 1740 2015 et
1781 1951 2156 2016 multorum
2191 1951 2676 2034 episcoporum
2721 1955 2789 2013 et

886 2049 1212 2113 comitum
1260 2058 1331 2115 et
1381 2052 1718 2116 baronum
1769 2051 2131 2133 utriusque
2175 2051 2396 2132 regni,
2445 2050 2789 2114 concessit

883 2156 956 2213 et
1020 2149 1457 2216 confirmavit
1531 2149 1909 2227 Willelmo,
1991 2152 2138 2232 regi
2213 2149 2635 2226 Scottorum,
2717 2156 2787 2212 et

882 2248 1269 2313 haeredibus
1318 2250 1463 2314 suis
1495 2249 1572 2312 in
1613 2256 2048 2332 perpetuum,
2075 2249 2260 2330 quod
2303 2268 2790 2332 quameunque

886 2349 1045 2431 ipsi,
1123 2368 1247 2431 per
1334 2349 1932 2414 summonitionem
2005 2369 2248 2432 regum
2323 2348 2624 2431 Aug-live,
2701 2349 2787 2412 ad

887 2448 1147 2512 curiam
1189 2467 1390 2512 suam
1421 2449 1724 2524 venient,
1769 2449 2134 2534 episcopus
2181 2449 2674 2513 Dunelmensis
2719 2455 2787 2513 et

888 2548 1270 2613 vicecomes
1308 2548 1836 2614 Nordhumbriae
1870 2551 2200 2633 recipient
2227 2570 2383 2613 eum
2413 2550 2502 2615 ad
2533 2569 2786 2632 aquam

888 2647 973 2711 de
1001 2647 1284 2726 Twede,
1327 2656 1398 2713 et
1438 2650 1513 2713 in
1561 2649 1757 2714 salvo
1801 2650 2148 2715 conductu
2191 2649 2442 2715 ducent
2493 2670 2655 2714 eum
2699 2650 2788 2715 ad

887 2766 1139 2830 aquam
1168 2748 1255 2812 de
1289 2749 1543 2833 Teyse‚
1574 2756 1646 2813 et
1685 2750 1782 2813 ibi
1809 2752 2145 2833 recipient
2173 2770 2294 2814 eos
2327 2750 2787 2833 archiepisco-

887 2866 1019 2928 pus
1064 2854 1135 2911 et
1182 2848 1566 2913 vicecomes
1614 2848 2098 2926 Eboracensi3‚
2145 2856 2218 2913 et
2255 2851 2326 2914 in
2367 2851 2568 2914 salvo
2623 2870 2786 2914 con-

888 2944 1104 3009 ductu
1147 2965 1367 3029 usque
1414 2948 1503 3010 ad
1538 2949 1713 3013 fines
1758 2951 2128 3015 comitatus
2169 2950 2669 3025 Eboracensis;
2717 2957 2787 3014 et

886 3044 986 3107 sic
1026 3064 1153 3127 per
1198 3047 1560 3130 episcopos
1606 3054 1678 3112 et
1705 3049 2145 3115 vicecomites
2185 3050 2524 3115 ducentur
2555 3050 2644 3114 de
2673 3070 2787 3115 co-

886 3144 1135 3209 mitatu
1167 3146 1239 3208 in
1262 3148 1694 3225 comitatum,
1715 3148 1934 3213 donec
1968 3151 2374 3233 perveniant
2402 3150 2491 3214 ad
2523 3150 2785 3214 curiam

886 3245 1071 3327 regis
1111 3245 1411 3329 Angliae.
1453 3246 1459 3251 “
1504 3248 1600 3312 Et
1637 3267 1727 3311 ex
1772 3268 1912 3331 quo
1956 3268 2082 3313 rex
2127 3250 2378 3315 Scotiae
2420 3250 2787 3314 intraverit

887 3354 1143 3409 terram
1178 3348 1361 3427 regis
1389 3345 1666 3430 Angliae
1695 3347 1980 3413 babebit
2005 3350 2257 3414 cotidie
2274 3350 2359 3413 de
2383 3358 2573 3415 terra
2607 3351 2787 3432 regis

886 3443 1161 3522 Angliae
1220 3462 1284 3508 c,
1337 3446 1463 3512 sol.
1513 3448 1601 3511 de
1649 3447 2096 3513 liberatione:
2163 3468 2320 3513 cum
2363 3457 2602 3514 autem
2661 3470 2783 3513 rex

885 3539 1139 3603 Scotiae
1168 3542 1255 3603 ad
1302 3546 1563 3608 curiam
1609 3547 1792 3629 regis
1823 3547 2104 3629 Angliae
2131 3550 2420 3627 venerit,
2451 3551 2782 3632 quamdiu

883 3639 1033 3719 ipse
1062 3639 1135 3702 in
1171 3642 1363 3707 curia
1393 3644 1579 3725 regis
1606 3646 1886 3729 Angliae
1913 3666 2180 3713 moram
2211 3649 2477 3725 fecerit,
2505 3649 2782 3714 habebit

882 3739 1135 3803 cotidie
1164 3740 1253 3805 de
1286 3742 1694 3810 liberatione
1736 3764 1930 3812 xxx.
1965 3748 2089 3812 sol.
2133 3755 2206 3812 et
2247 3764 2384 3813 x11.
2431 3750 2782 3813 wastellos

882 3838 1286 3917 dominicos,
1332 3850 1403 3907 et
1455 3861 1594 3911 x11.
1659 3846 2049 3911 simenellos
2103 3847 2499 3927 dominicos,
2543 3856 2625 3939 ,et
2684 3866 2776 3911 lv.

882 3941 1187 4005 sexteria
1230 3942 1317 4005 de
1360 3943 1704 4009 dominico
1735 3948 1896 4011 vino
1930 3948 2139 4029 regiS,
2168 3955 2239 4011 et
2274 3964 2434 4012 vm.
2479 3950 2777 4013 sexteria

880 4036 967 4100 de
1000 4040 1164 4104 vino
1210 4045 1668 4124 expensabili,
1697 4052 1768 4109 et
1803 4064 1880 4113 11.
1924 4047 2138 4111 libras
2169 4048 2254 4111 de
2287 4049 2549 4131 pipere,
2587 4056 2658 4113 et
2685 4065 2773 4111 lv·

880 4137 968 4201 de
996 4139 1265 4218 cimin0‚
1304 4150 1376 4207 et
1412 4142 1575 4207 ΧΠ.1
1607 4152 1842 4228 petras
1883 4147 1970 4210 de
2007 4166 2190 4225 cera,
2224 4148 2337 4211 vel
2380 4166 2478 4211 lv,
2525 4166 2774 4224 cereoS,

1499 4294 1513 4323 ¹
1551 4296 1678 4360 ιιι]
1713 4298 1880 4349 Duas.
1919 4299 2164 4351 Hovedeu.
