<?xml version="1.0" encoding="UTF-8"?>
<!DOCTYPE html PUBLIC "-//W3C//DTD XHTML 1.0 Transitional//EN"
    "http://www.w3.org/TR/xhtml1/DTD/xhtml1-transitional.dtd">
<html xmlns="http://www.w3.org/1999/xhtml" xml:lang="en" lang="en">
 <head>
  <title>
</title>
<meta http-equiv="Content-Type" content="text/html;charset=utf-8" />
  <meta name='ocr-system' content='tesseract 3.04.00' />
  <meta name='ocr-capabilities' content='ocr_page ocr_carea ocr_par ocr_line ocrx_word'/>
</head>
<body>
  <div class='ocr_page' id='page_1' title='image "./florentiiwigorn00evergoog_0293.png"; bbox 0 0 3107 5054; ppageno 0'>
   <div class='ocr_carea' id='block_1_1' title="bbox 527 2387 827 2479">
    <p class='ocr_par' dir='ltr' id='par_1_1' title="bbox 527 2387 827 2479">
     <span class='ocr_line' id='line_1_1' title="bbox 529 2387 712 2428; baseline 0.011 -2"><span class='ocrx_word' id='word_1_1' title='bbox 529 2387 712 2428; x_wconf 75' lang='lat' dir='ltr'><strong>Edwsrd</strong></span> 
     </span>
     <span class='ocr_line' id='line_1_2' title="bbox 527 2437 827 2479; baseline 0.01 -3"><span class='ocrx_word' id='word_1_2' title='bbox 527 2437 658 2478; x_wconf 67' lang='lat' dir='ltr'><strong>taines</strong></span> <span class='ocrx_word' id='word_1_3' title='bbox 676 2438 827 2479; x_wconf 76' lang='lat' dir='ltr'><strong>forces.</strong></span> 
     </span>
    </p>
   </div>
   <div class='ocr_carea' id='block_1_2' title="bbox 861 489 2260 554">
    <p class='ocr_par' dir='ltr' id='par_1_2' title="bbox 861 489 2260 554">
     <span class='ocr_line' id='line_1_3' title="bbox 861 489 2260 554; baseline -0.001 0"><span class='ocrx_word' id='word_1_4' title='bbox 861 489 994 554; x_wconf 77' lang='lat'><strong>27⁰</strong></span> <span class='ocrx_word' id='word_1_5' title='bbox 1367 503 1866 554; x_wconf 55' lang='lat' dir='ltr'><strong>courtnunrxo</strong></span> <span class='ocrx_word' id='word_1_6' title='bbox 1911 503 2260 552; x_wconf 62' lang='lat' dir='ltr'><strong>cimorum</strong></span> 
     </span>
    </p>
   </div>
   <div class='ocr_carea' id='block_1_3' title="bbox 837 657 2764 4118">
    <p class='ocr_par' dir='ltr' id='par_1_3' title="bbox 837 657 2764 4118">
     <span class='ocr_line' id='line_1_4' title="bbox 863 657 2763 744; baseline -0.002 -18"><span class='ocrx_word' id='word_1_7' title='bbox 863 660 1064 726; x_wconf 87' lang='lat' dir='ltr'><strong>terris</strong></span> <span class='ocrx_word' id='word_1_8' title='bbox 1109 661 1530 744; x_wconf 87' lang='lat' dir='ltr'><strong>supradictis</strong></span> <span class='ocrx_word' id='word_1_9' title='bbox 1566 657 1999 724; x_wconf 78' lang='lat' dir='ltr'><strong>summaliter</strong></span> <span class='ocrx_word' id='word_1_10' title='bbox 2039 658 2263 744; x_wconf 85' lang='lat' dir='ltr'><strong>foris-j</strong></span> <span class='ocrx_word' id='word_1_11' title='bbox 2271 657 2592 722; x_wconf 85' lang='lat' dir='ltr'><strong>udicatus</strong></span> <span class='ocrx_word' id='word_1_12' title='bbox 2628 666 2763 735; x_wconf 88' lang='lat' dir='ltr'><strong>est,</strong></span> 
     </span>
     <span class='ocr_line' id='line_1_5' title="bbox 861 757 2764 844; baseline -0.002 -19"><span class='ocrx_word' id='word_1_13' title='bbox 861 761 1231 844; x_wconf 86' lang='lat' dir='ltr'><strong>spoliatus,</strong></span> <span class='ocrx_word' id='word_1_14' title='bbox 1287 759 1663 824; x_wconf 84' lang='lat' dir='ltr'><strong>frustratus</strong></span> <span class='ocrx_word' id='word_1_15' title='bbox 1726 767 1796 824; x_wconf 92' lang='lat' dir='ltr'><strong>et</strong></span> <span class='ocrx_word' id='word_1_16' title='bbox 1854 760 2193 842; x_wconf 84' lang='lat' dir='ltr'><strong>privatus.</strong></span> <span class='ocrx_word' id='word_1_17' title='bbox 2325 757 2764 823; x_wconf 86' lang='lat' dir='ltr'><strong>Subornatur</strong></span> 
     </span>
     <span class='ocr_line' id='line_1_6' title="bbox 863 858 2759 942; baseline -0.002 -17"><span class='ocrx_word' id='word_1_18' title='bbox 863 868 1096 925; x_wconf 86' lang='lat' dir='ltr'><strong>tamen</strong></span> <span class='ocrx_word' id='word_1_19' title='bbox 1147 859 1356 924; x_wconf 88' lang='lat' dir='ltr'><strong>aliter</strong></span> <span class='ocrx_word' id='word_1_20' title='bbox 1405 861 1496 924; x_wconf 87' lang='lat' dir='ltr'><strong>ab</strong></span> <span class='ocrx_word' id='word_1_21' title='bbox 1547 859 1895 942; x_wconf 76' lang='lat' dir='ltr'><strong>aliquibus</strong></span> <span class='ocrx_word' id='word_1_22' title='bbox 1954 860 2095 921; x_wconf 86' lang='lat' dir='ltr'><strong>ista</strong></span> <span class='ocrx_word' id='word_1_23' title='bbox 2154 858 2519 922; x_wconf 85' lang='lat' dir='ltr'><strong>temeraria</strong></span> <span class='ocrx_word' id='word_1_24' title='bbox 2578 877 2759 940; x_wconf 85' lang='lat' dir='ltr'><strong>prae-</strong></span> 
     </span>
     <span class='ocr_line' id='line_1_7' title="bbox 863 958 2760 1042; baseline -0.001 -19"><span class='ocrx_word' id='word_1_25' title='bbox 863 961 1207 1042; x_wconf 77' lang='lat' dir='ltr'><strong>sumptio:</strong></span> <span class='ocrx_word' id='word_1_26' title='bbox 1253 960 1437 1042; x_wconf 90' lang='lat' dir='ltr'><strong>quod</strong></span> <span class='ocrx_word' id='word_1_27' title='bbox 1474 958 1795 1024; x_wconf 85' lang='lat' dir='ltr'><strong>videlicet</strong></span> <span class='ocrx_word' id='word_1_28' title='bbox 1828 967 2170 1022; x_wconf 84' lang='lat' dir='ltr'><strong>terrarum</strong></span> <span class='ocrx_word' id='word_1_29' title='bbox 2212 977 2495 1022; x_wconf 85' lang='lat' dir='ltr'><strong>suarum</strong></span> <span class='ocrx_word' id='word_1_30' title='bbox 2533 964 2760 1021; x_wconf 87' lang='lat' dir='ltr'><strong>trans·-</strong></span> 
     </span>
     <span class='ocr_line' id='line_1_8' title="bbox 861 1057 2757 1143; baseline -0.002 -20"><span class='ocrx_word' id='word_1_31' title='bbox 861 1061 1306 1136; x_wconf 84' lang='lat' dir='ltr'><strong>marinarum,</strong></span> <span class='ocrx_word' id='word_1_32' title='bbox 1357 1066 1602 1143; x_wconf 81' lang='lat' dir='ltr'><strong>utpote</strong></span> <span class='ocrx_word' id='word_1_33' title='bbox 1648 1058 1771 1140; x_wconf 91' lang='lat' dir='ltr'><strong>qui</strong></span> <span class='ocrx_word' id='word_1_34' title='bbox 1806 1058 1941 1122; x_wconf 90' lang='lat' dir='ltr'><strong>iter</strong></span> <span class='ocrx_word' id='word_1_35' title='bbox 1978 1077 2177 1121; x_wconf 86' lang='lat' dir='ltr'><strong>suum</strong></span> <span class='ocrx_word' id='word_1_36' title='bbox 2234 1057 2305 1120; x_wconf 89' lang='lat' dir='ltr'><strong>in</strong></span> <span class='ocrx_word' id='word_1_37' title='bbox 2352 1058 2757 1138; x_wconf 87' lang='lat' dir='ltr'>obsequium</span> 
     </span>
     <span class='ocr_line' id='line_1_9' title="bbox 861 1155 2757 1240; baseline -0.001 -18"><span class='ocrx_word' id='word_1_38' title='bbox 861 1160 1086 1224; x_wconf 88' lang='lat' dir='ltr'><strong>crucis</strong></span> <span class='ocrx_word' id='word_1_39' title='bbox 1147 1158 1524 1224; x_wconf 84' lang='lat' dir='ltr'><strong>salutiferae</strong></span> <span class='ocrx_word' id='word_1_40' title='bbox 1576 1157 1977 1234; x_wconf 81' lang='lat' dir='ltr'><strong>devoverat,</strong></span> <span class='ocrx_word' id='word_1_41' title='bbox 2041 1155 2435 1240; x_wconf 87' lang='lat' dir='ltr'><strong>hujusmodi</strong></span> <span class='ocrx_word' id='word_1_42' title='bbox 2497 1155 2757 1221; x_wconf 84' lang='lat' dir='ltr'><strong>foedere</strong></span> 
     </span>
     <span class='ocr_line' id='line_1_10' title="bbox 859 1253 2755 1342; baseline 0.001 -21"><span class='ocrx_word' id='word_1_43' title='bbox 859 1266 1244 1336; x_wconf 84' lang='lat' dir='ltr'><strong>contracto,</strong></span> <span class='ocrx_word' id='word_1_44' title='bbox 1379 1257 1631 1342; x_wconf 85' lang='lat' dir='ltr'><strong>majori</strong></span> <span class='ocrx_word' id='word_1_45' title='bbox 1752 1276 1878 1321; x_wconf 81' lang='lat' dir='ltr'><strong>rex</strong></span> <span class='ocrx_word' id='word_1_46' title='bbox 1990 1253 2269 1338; x_wconf 81' lang='lat' dir='ltr'><strong>Angliae</strong></span> <span class='ocrx_word' id='word_1_47' title='bbox 2392 1257 2755 1322; x_wconf 85' lang='lat' dir='ltr'><strong>securitati</strong></span> 
     </span>
     <span class='ocr_line' id='line_1_11' title="bbox 857 1355 2755 1440; baseline -0.001 -18"><span class='ocrx_word' id='word_1_48' title='bbox 857 1359 1254 1440; x_wconf 86' lang='lat' dir='ltr'><strong>provideret</strong></span> <span class='ocrx_word' id='word_1_49' title='bbox 1341 1364 1413 1422; x_wconf 92' lang='lat' dir='ltr'><strong>et</strong></span> <span class='ocrx_word' id='word_1_50' title='bbox 1491 1357 1730 1440; x_wconf 83' lang='lat' dir='ltr'><strong>quieti.</strong></span> <span class='ocrx_word' id='word_1_51' title='bbox 1879 1355 2150 1420; x_wconf 82' lang='lat' dir='ltr'><strong>Habita</strong></span> <span class='ocrx_word' id='word_1_52' title='bbox 2230 1355 2449 1436; x_wconf 88' lang='lat' dir='ltr'><strong>igitur</strong></span> <span class='ocrx_word' id='word_1_53' title='bbox 2534 1355 2755 1421; x_wconf 79' lang='lat' dir='ltr'><strong>libera</strong></span> 
     </span>
     <span class='ocr_line' id='line_1_12' title="bbox 857 1446 2752 1539; baseline 0.001 -20"><span class='ocrx_word' id='word_1_54' title='bbox 857 1456 1169 1538; x_wconf 84' lang='lat' dir='ltr'><strong>plenaria</strong></span> <span class='ocrx_word' id='word_1_55' title='bbox 1218 1446 1301 1522; x_wconf 52' lang='lat' dir='ltr'><strong>et‘</strong></span> <span class='ocrx_word' id='word_1_56' title='bbox 1342 1457 1631 1538; x_wconf 85' lang='lat' dir='ltr'><strong>pacifica</strong></span> <span class='ocrx_word' id='word_1_57' title='bbox 1680 1456 2115 1539; x_wconf 77' lang='lat' dir='ltr'><strong>possessione</strong></span> <span class='ocrx_word' id='word_1_58' title='bbox 2173 1461 2245 1518; x_wconf 90' lang='lat' dir='ltr'><strong>et</strong></span> <span class='ocrx_word' id='word_1_59' title='bbox 2302 1455 2752 1538; x_wconf 87' lang='lat' dir='ltr'><strong>dispositione</strong></span> 
     </span>
     <span class='ocr_line' id='line_1_13' title="bbox 857 1552 2751 1638; baseline 0 -20"><span class='ocrx_word' id='word_1_60' title='bbox 857 1564 1196 1622; x_wconf 85' lang='lat' dir='ltr'><strong>terrarum</strong></span> <span class='ocrx_word' id='word_1_61' title='bbox 1287 1555 1688 1631; x_wconf 89' lang='lat' dir='ltr'><strong>earundem,</strong></span> <span class='ocrx_word' id='word_1_62' title='bbox 1760 1552 2290 1638; x_wconf 79' lang='lat' dir='ltr'><strong>Anglorumq&#39;ue</strong></span> <span class='ocrx_word' id='word_1_63' title='bbox 2368 1573 2531 1635; x_wconf 90' lang='lat' dir='ltr'><strong>rege</strong></span> <span class='ocrx_word' id='word_1_64' title='bbox 2614 1575 2751 1619; x_wconf 89' lang='lat' dir='ltr'><strong>non</strong></span> 
     </span>
     <span class='ocr_line' id='line_1_14' title="bbox 855 1648 2749 1738; baseline 0.001 -19"><span class='ocrx_word' id='word_1_65' title='bbox 855 1663 1000 1719; x_wconf 88' lang='lat' dir='ltr'><strong>tam</strong></span> <span class='ocrx_word' id='word_1_66' title='bbox 1053 1656 1443 1720; x_wconf 83' lang='lat' dir='ltr'><strong>voluntarie</strong></span> <span class='ocrx_word' id='word_1_67' title='bbox 1517 1673 1729 1738; x_wconf 85' lang='lat' dir='ltr'><strong>quam</strong></span> <span class='ocrx_word' id='word_1_68' title='bbox 1794 1655 2159 1718; x_wconf 80' lang='lat' dir='ltr'><strong>temerarie</strong></span> <span class='ocrx_word' id='word_1_69' title='bbox 2220 1661 2292 1718; x_wconf 90' lang='lat' dir='ltr'><strong>et</strong></span> <span class='ocrx_word' id='word_1_70' title='bbox 2356 1648 2749 1720; x_wconf 84' lang='lat' dir='ltr'><strong>inconsulte</strong></span> 
     </span>
     <span class='ocr_line' id='line_1_15' title="bbox 853 1752 2750 1836; baseline 0.001 -19"><span class='ocrx_word' id='word_1_71' title='bbox 853 1755 957 1818; x_wconf 90' lang='lat' dir='ltr'><strong>sic</strong></span> <span class='ocrx_word' id='word_1_72' title='bbox 985 1755 1288 1830; x_wconf 84' lang='lat' dir='ltr'><strong>cedente,</strong></span> <span class='ocrx_word' id='word_1_73' title='bbox 1335 1773 1380 1820; x_wconf 86' lang='lat' dir='ltr'><strong>a</strong></span> <span class='ocrx_word' id='word_1_74' title='bbox 1423 1753 1629 1818; x_wconf 79' lang='lat' dir='ltr'><strong>dictae</strong></span> <span class='ocrx_word' id='word_1_75' title='bbox 1670 1752 2209 1836; x_wconf 83' lang='lat' dir='ltr'><strong>perturbationis</strong></span> <span class='ocrx_word' id='word_1_76' title='bbox 2259 1753 2569 1831; x_wconf 87' lang='lat' dir='ltr'><strong>muliere,</strong></span> <span class='ocrx_word' id='word_1_77' title='bbox 2612 1754 2750 1835; x_wconf 87' lang='lat' dir='ltr'><strong>ipsi</strong></span> 
     </span>
     <span class='ocr_line' id='line_1_16' title="bbox 853 1852 2747 1936; baseline 0.001 -19"><span class='ocrx_word' id='word_1_78' title='bbox 853 1852 1240 1936; x_wconf 82' lang='lat' dir='ltr'><strong>Anglorum</strong></span> <span class='ocrx_word' id='word_1_79' title='bbox 1296 1853 1444 1936; x_wconf 91' lang='lat' dir='ltr'><strong>regi</strong></span> <span class='ocrx_word' id='word_1_80' title='bbox 1499 1852 1825 1934; x_wconf 82' lang='lat' dir='ltr'><strong>dirigitur</strong></span> <span class='ocrx_word' id='word_1_81' title='bbox 1883 1854 1955 1915; x_wconf 86' lang='lat' dir='ltr'><strong>in</strong></span> <span class='ocrx_word' id='word_1_82' title='bbox 2018 1852 2387 1930; x_wconf 74' lang='lat' dir='ltr'><strong>mandatiS,</strong></span> <span class='ocrx_word' id='word_1_83' title='bbox 2442 1872 2517 1916; x_wconf 89' lang='lat' dir='ltr'><strong>se</strong></span> <span class='ocrx_word' id='word_1_84' title='bbox 2574 1853 2747 1918; x_wconf 89' lang='lat' dir='ltr'><strong>nulli</strong></span> 
     </span>
     <span class='ocr_line' id='line_1_17' title="bbox 853 1952 2743 2034; baseline 0.001 -17"><span class='ocrx_word' id='word_1_85' title='bbox 853 1952 1226 2032; x_wconf 84' lang='lat' dir='ltr'><strong>hominum,</strong></span> <span class='ocrx_word' id='word_1_86' title='bbox 1281 1960 1355 2017; x_wconf 93' lang='lat' dir='ltr'><strong>et</strong></span> <span class='ocrx_word' id='word_1_87' title='bbox 1414 1953 1797 2034; x_wconf 73' lang='lat' dir='ltr'><strong>praesertim</strong></span> <span class='ocrx_word' id='word_1_88' title='bbox 1845 1959 2063 2016; x_wconf 74' lang='lat' dir='ltr'><strong>tantae</strong></span> <span class='ocrx_word' id='word_1_89' title='bbox 2110 1953 2341 2016; x_wconf 81' lang='lat' dir='ltr'><strong>aetatis</strong></span> <span class='ocrx_word' id='word_1_90' title='bbox 2362 1979 2367 1982; x_wconf 96' lang='lat'>·</span> <span class='ocrx_word' id='word_1_91' title='bbox 2390 1952 2564 2029; x_wconf 86' lang='lat' dir='ltr'><strong>viro,</strong></span> <span class='ocrx_word' id='word_1_92' title='bbox 2618 1973 2743 2018; x_wconf 87' lang='lat' dir='ltr'><strong>un-</strong></span> 
     </span>
     <span class='ocr_line' id='line_1_18' title="bbox 853 2052 2745 2135; baseline 0.001 -20"><span class='ocrx_word' id='word_1_93' title='bbox 853 2053 1098 2135; x_wconf 82' lang='lat' dir='ltr'><strong>quam¹</strong></span> <span class='ocrx_word' id='word_1_94' title='bbox 1144 2053 1324 2118; x_wconf 77' lang='lat' dir='ltr'><strong>velle</strong></span> <span class='ocrx_word' id='word_1_95' title='bbox 1367 2053 1701 2116; x_wconf 85' lang='lat' dir='ltr'><strong>maritari.</strong></span> <span class='ocrx_word' id='word_1_96' title='bbox 1805 2052 1898 2114; x_wconf 92' lang='lat' dir='ltr'><strong>Et</strong></span> <span class='ocrx_word' id='word_1_97' title='bbox 1938 2052 2039 2115; x_wconf 88' lang='lat' dir='ltr'><strong>sic</strong></span> <span class='ocrx_word' id='word_1_98' title='bbox 2071 2058 2313 2134; x_wconf 83' lang='lat' dir='ltr'><strong>optato</strong></span> <span class='ocrx_word' id='word_1_99' title='bbox 2342 2052 2462 2116; x_wconf 90' lang='lat' dir='ltr'><strong>sed</strong></span> <span class='ocrx_word' id='word_1_100' title='bbox 2500 2052 2745 2117; x_wconf 90' lang='lat' dir='ltr'><strong>illicito</strong></span> 
     </span>
     <span class='ocr_line' id='line_1_19' title="bbox 852 2151 2745 2234; baseline 0 -18"><span class='ocrx_word' id='word_1_101' title='bbox 852 2153 1098 2217; x_wconf 88' lang='lat' dir='ltr'><strong>merito</strong></span> <span class='ocrx_word' id='word_1_102' title='bbox 1156 2153 1530 2217; x_wconf 81' lang='lat' dir='ltr'><strong>frustratus</strong></span> <span class='ocrx_word' id='word_1_103' title='bbox 1604 2151 2065 2227; x_wconf 86' lang='lat' dir='ltr'><strong>matrimonio,</strong></span> <span class='ocrx_word' id='word_1_104' title='bbox 2128 2152 2414 2234; x_wconf 84' lang='lat' dir='ltr'><strong>antiquo</strong></span> <span class='ocrx_word' id='word_1_105' title='bbox 2473 2153 2745 2233; x_wconf 72' lang='lat' dir='ltr'><strong>praede-</strong></span> 
     </span>
     <span class='ocr_line' id='line_1_20' title="bbox 851 2250 2744 2333; baseline 0.001 -17"><span class='ocrx_word' id='word_1_106' title='bbox 851 2271 1198 2317; x_wconf 87' lang='lat' dir='ltr'><strong>cessorum</strong></span> <span class='ocrx_word' id='word_1_107' title='bbox 1279 2269 1607 2326; x_wconf 88' lang='lat' dir='ltr'><strong>suorum,.</strong></span> <span class='ocrx_word' id='word_1_108' title='bbox 1680 2250 1853 2332; x_wconf 87' lang='lat' dir='ltr'><strong>proh</strong></span> <span class='ocrx_word' id='word_1_109' title='bbox 1932 2250 2151 2327; x_wconf 91' lang='lat' dir='ltr'><strong>dolor,</strong></span> <span class='ocrx_word' id='word_1_110' title='bbox 2231 2251 2546 2333; x_wconf 90' lang='lat' dir='ltr'><strong>privatus</strong></span> <span class='ocrx_word' id='word_1_111' title='bbox 2635 2261 2744 2317; x_wconf 90' lang='lat' dir='ltr'><strong>est</strong></span> 
     </span>
     <span class='ocr_line' id='line_1_21' title="bbox 851 2349 2742 2433; baseline 0 -17"><span class='ocrx_word' id='word_1_112' title='bbox 851 2352 1289 2433; x_wconf 83' lang='lat' dir='ltr'><strong>patrimonio.</strong></span> <span class='ocrx_word' id='word_1_113' title='bbox 1425 2350 1739 2415; x_wconf 80' lang='lat' dir='ltr'><strong>Tandem</strong></span> <span class='ocrx_word' id='word_1_114' title='bbox 1795 2369 1959 2414; x_wconf 87' lang='lat' dir='ltr'><strong>vero</strong></span> <span class='ocrx_word' id='word_1_115' title='bbox 2020 2349 2199 2413; x_wconf 89' lang='lat' dir='ltr'><strong>idem</strong></span> <span class='ocrx_word' id='word_1_116' title='bbox 2268 2369 2395 2414; x_wconf 78' lang='lat' dir='ltr'><strong>rex</strong></span> <span class='ocrx_word' id='word_1_117' title='bbox 2462 2349 2742 2432; x_wconf 87' lang='lat' dir='ltr'><strong>Angliae</strong></span> 
     </span>
     <span class='ocr_line' id='line_1_22' title="bbox 853 2449 2744 2535; baseline 0.001 -20"><span class='ocrx_word' id='word_1_118' title='bbox 853 2452 942 2515; x_wconf 91' lang='lat' dir='ltr'><strong>ad</strong></span> <span class='ocrx_word' id='word_1_119' title='bbox 1025 2471 1146 2516; x_wconf 90' lang='lat' dir='ltr'><strong>cor</strong></span> <span class='ocrx_word' id='word_1_120' title='bbox 1221 2450 1514 2526; x_wconf 86' lang='lat' dir='ltr'><strong>rediens,</strong></span> <span class='ocrx_word' id='word_1_121' title='bbox 1593 2449 1897 2533; x_wconf 83' lang='lat' dir='ltr'><strong>factique</strong></span> <span class='ocrx_word' id='word_1_122' title='bbox 1980 2457 2125 2513; x_wconf 83' lang='lat' dir='ltr'><strong>tam</strong></span> <span class='ocrx_word' id='word_1_123' title='bbox 2205 2453 2744 2535; x_wconf 70' lang='lat' dir='ltr'><strong>praesumptuosi</strong></span> 
     </span>
     <span class='ocr_line' id='line_1_23' title="bbox 851 2550 2738 2634; baseline 0 -18"><span class='ocrx_word' id='word_1_124' title='bbox 851 2553 1169 2634; x_wconf 85' lang='lat' dir='ltr'><strong>quamvis</strong></span> <span class='ocrx_word' id='word_1_125' title='bbox 1221 2570 1376 2615; x_wconf 90' lang='lat' dir='ltr'><strong>sero</strong></span> <span class='ocrx_word' id='word_1_126' title='bbox 1435 2550 1804 2633; x_wconf 80' lang='lat' dir='ltr'><strong>poenitenS,</strong></span> <span class='ocrx_word' id='word_1_127' title='bbox 1860 2550 2235 2614; x_wconf 87' lang='lat' dir='ltr'><strong>contractis</strong></span> <span class='ocrx_word' id='word_1_128' title='bbox 2294 2550 2738 2616; x_wconf 88' lang='lat' dir='ltr'><strong>finitimorum</strong></span> 
     </span>
     <span class='ocr_line' id='line_1_24' title="bbox 850 2650 2741 2734; baseline 0.001 -20"><span class='ocrx_word' id='word_1_129' title='bbox 850 2658 991 2714; x_wconf 83' lang='lat' dir='ltr'><strong>tam</strong></span> <span class='ocrx_word' id='word_1_130' title='bbox 1068 2670 1310 2733; x_wconf 88' lang='lat' dir='ltr'><strong>regum</strong></span> <span class='ocrx_word' id='word_1_131' title='bbox 1389 2669 1599 2732; x_wconf 83' lang='lat' dir='ltr'><strong>quam</strong></span> <span class='ocrx_word' id='word_1_132' title='bbox 1682 2650 1975 2714; x_wconf 86' lang='lat' dir='ltr'><strong>aliorum</strong></span> <span class='ocrx_word' id='word_1_133' title='bbox 2052 2656 2413 2732; x_wconf 89' lang='lat' dir='ltr'><strong>potentum</strong></span> <span class='ocrx_word' id='word_1_134' title='bbox 2495 2652 2741 2734; x_wconf 75' lang='lat' dir='ltr'><strong>copiiS,</strong></span> 
     </span>
     <span class='ocr_line' id='line_1_25' title="bbox 852 2748 2742 2834; baseline 0 -20"><span class='ocrx_word' id='word_1_135' title='bbox 852 2751 1178 2834; x_wconf 84' lang='lat' dir='ltr'><strong>injuriam</strong></span> <span class='ocrx_word' id='word_1_136' title='bbox 1221 2751 1352 2815; x_wconf 87' lang='lat' dir='ltr'><strong>sibi</strong></span> <span class='ocrx_word' id='word_1_137' title='bbox 1384 2750 1619 2814; x_wconf 85' lang='lat' dir='ltr'><strong>taliter</strong></span> <span class='ocrx_word' id='word_1_138' title='bbox 1650 2748 1917 2813; x_wconf 83' lang='lat' dir='ltr'><strong>illatam</strong></span> <span class='ocrx_word' id='word_1_139' title='bbox 1951 2750 2449 2827; x_wconf 88' lang='lat' dir='ltr'><strong>vindicaturus,</strong></span> <span class='ocrx_word' id='word_1_140' title='bbox 2487 2756 2742 2815; x_wconf 85' lang='lat' dir='ltr'><strong>terras-</strong></span> 
     </span>
     <span class='ocr_line' id='line_1_26' title="bbox 849 2846 2740 2932; baseline 0.001 -20"><span class='ocrx_word' id='word_1_141' title='bbox 849 2869 986 2932; x_wconf 90' lang='lat' dir='ltr'><strong>que</strong></span> <span class='ocrx_word' id='word_1_142' title='bbox 1059 2869 1223 2915; x_wconf 87' lang='lat' dir='ltr'><strong>suas</strong></span> <span class='ocrx_word' id='word_1_143' title='bbox 1292 2858 1436 2914; x_wconf 88' lang='lat' dir='ltr'><strong>tam</strong></span> <span class='ocrx_word' id='word_1_144' title='bbox 1512 2846 1985 2913; x_wconf 83' lang='lat' dir='ltr'><strong>fraudulenter</strong></span> <span class='ocrx_word' id='word_1_145' title='bbox 2053 2857 2433 2931; x_wconf 83' lang='lat' dir='ltr'><strong>occupatas</strong></span> <span class='ocrx_word' id='word_1_146' title='bbox 2511 2851 2740 2914; x_wconf 88' lang='lat' dir='ltr'><strong>vindi-</strong></span> 
     </span>
     <span class='ocr_line' id='line_1_27' title="bbox 847 2949 2738 3031; baseline 0.001 -20"><span class='ocrx_word' id='word_1_147' title='bbox 847 2957 1152 3025; x_wconf 73' lang='lat' dir='ltr'><strong>caturuS,</strong></span> <span class='ocrx_word' id='word_1_148' title='bbox 1225 2954 1298 3010; x_wconf 93' lang='lat' dir='ltr'><strong>et</strong></span> <span class='ocrx_word' id='word_1_149' title='bbox 1367 2954 1763 3012; x_wconf 89' lang='lat' dir='ltr'><strong>terrestrem</strong></span> <span class='ocrx_word' id='word_1_150' title='bbox 1834 2956 1907 3012; x_wconf 88' lang='lat' dir='ltr'><strong>et</strong></span> <span class='ocrx_word' id='word_1_151' title='bbox 1991 2949 2312 3014; x_wconf 81' lang='lat' dir='ltr'><strong>navalem</strong></span> <span class='ocrx_word' id='word_1_152' title='bbox 2383 2949 2738 3031; x_wconf 90' lang='lat' dir='ltr'><strong>copiosum</strong></span> 
     </span>
     <span class='ocr_line' id='line_1_28' title="bbox 845 3046 2742 3131; baseline 0.001 -20"><span class='ocrx_word' id='word_1_153' title='bbox 845 3047 1297 3130; x_wconf 81' lang='lat' dir='ltr'><strong>congregavit</strong></span> <span class='ocrx_word' id='word_1_154' title='bbox 1327 3048 1733 3111; x_wconf 85' lang='lat' dir='ltr'><strong>exercitum.</strong></span> <span class='ocrx_word' id='word_1_155' title='bbox 1840 3046 2061 3131; x_wconf 86' lang='lat' dir='ltr'><strong>Cujus</strong></span> <span class='ocrx_word' id='word_1_156' title='bbox 2098 3050 2199 3112; x_wconf 91' lang='lat' dir='ltr'><strong>rei</strong></span> <span class='ocrx_word' id='word_1_157' title='bbox 2228 3050 2478 3130; x_wconf 84' lang='lat' dir='ltr'><strong>gratia,</strong></span> <span class='ocrx_word' id='word_1_158' title='bbox 2514 3048 2742 3114; x_wconf 84' lang='lat' dir='ltr'><strong>Adul-</strong></span> 
     </span>
     <span class='ocr_line' id='line_1_29' title="bbox 845 3145 2738 3231; baseline 0.001 -20"><span class='ocrx_word' id='word_1_159' title='bbox 845 3148 1082 3229; x_wconf 87' lang='lat' dir='ltr'><strong>phum,</strong></span> <span class='ocrx_word' id='word_1_160' title='bbox 1157 3166 1386 3228; x_wconf 88' lang='lat' dir='ltr'><strong>regem</strong></span> <span class='ocrx_word' id='word_1_161' title='bbox 1441 3145 1901 3224; x_wconf 82' lang='lat' dir='ltr'><strong>Alemanniae,</strong></span> <span class='ocrx_word' id='word_1_162' title='bbox 1980 3167 2350 3229; x_wconf 88' lang='lat' dir='ltr'><strong>omnesque</strong></span> <span class='ocrx_word' id='word_1_163' title='bbox 2423 3148 2738 3231; x_wconf 86' lang='lat' dir='ltr'><strong>ejusdem</strong></span> 
     </span>
     <span class='ocr_line' id='line_1_30' title="bbox 848 3247 2738 3329; baseline 0.001 -18"><span class='ocrx_word' id='word_1_164' title='bbox 848 3255 1052 3311; x_wconf 83' lang='lat' dir='ltr'><strong>terrae</strong></span> <span class='ocrx_word' id='word_1_165' title='bbox 1127 3253 1517 3327; x_wconf 82' lang='lat' dir='ltr'><strong>magnateS,</strong></span> <span class='ocrx_word' id='word_1_166' title='bbox 1610 3254 1854 3328; x_wconf 86' lang='lat' dir='ltr'><strong>utpote</strong></span> <span class='ocrx_word' id='word_1_167' title='bbox 1940 3247 2533 3329; x_wconf 88' lang='lat' dir='ltr'><strong>archiepiscopum</strong></span> <span class='ocrx_word' id='word_1_168' title='bbox 2597 3248 2738 3314; x_wconf 86' lang='lat' dir='ltr'><strong>Co-</strong></span> 
     </span>
     <span class='ocr_line' id='line_1_31' title="bbox 843 3346 2743 3428; baseline 0.002 -19"><span class='ocrx_word' id='word_1_169' title='bbox 843 3348 1074 3425; x_wconf 87' lang='lat' dir='ltr'><strong>loniae,</strong></span> <span class='ocrx_word' id='word_1_170' title='bbox 1120 3346 1544 3425; x_wconf 83' lang='lat' dir='ltr'><strong>Siefredum3</strong></span> <span class='ocrx_word' id='word_1_171' title='bbox 1598 3347 1999 3428; x_wconf 89' lang='lat' dir='ltr'><strong>episcopum</strong></span> <span class='ocrx_word' id='word_1_172' title='bbox 2031 3346 2500 3424; x_wconf 84' lang='lat' dir='ltr'><strong>Tractensem,</strong></span> <span class='ocrx_word' id='word_1_173' title='bbox 2532 3347 2743 3413; x_wconf 86' lang='lat' dir='ltr'><strong>alios-</strong></span> 
     </span>
     <span class='ocr_line' id='line_1_32' title="bbox 843 3445 2741 3531; baseline 0.002 -22"><span class='ocrx_word' id='word_1_174' title='bbox 843 3466 1001 3528; x_wconf 89' lang='lat' dir='ltr'><strong>que,</strong></span> <span class='ocrx_word' id='word_1_175' title='bbox 1048 3453 1190 3510; x_wconf 83' lang='lat' dir='ltr'><strong>tam</strong></span> <span class='ocrx_word' id='word_1_176' title='bbox 1244 3464 1444 3527; x_wconf 86' lang='lat' dir='ltr'><strong>reges</strong></span> <span class='ocrx_word' id='word_1_177' title='bbox 1489 3464 1701 3528; x_wconf 83' lang='lat' dir='ltr'><strong>quam</strong></span> <span class='ocrx_word' id='word_1_178' title='bbox 1766 3445 2151 3528; x_wconf 66' lang='lat' dir='ltr'><strong>episcopm,</strong></span> <span class='ocrx_word' id='word_1_179' title='bbox 2203 3446 2577 3531; x_wconf 88' lang='lat' dir='ltr'><strong>ducesque,</strong></span> <span class='ocrx_word' id='word_1_180' title='bbox 2623 3467 2741 3512; x_wconf 86' lang='lat' dir='ltr'><strong>co-</strong></span> 
     </span>
     <span class='ocr_line' id='line_1_33' title="bbox 843 3544 2735 3627; baseline 0.002 -20"><span class='ocrx_word' id='word_1_181' title='bbox 843 3546 1068 3621; x_wconf 75' lang='lat' dir='ltr'><strong>miteS,</strong></span> <span class='ocrx_word' id='word_1_182' title='bbox 1165 3552 1378 3625; x_wconf 85' lang='lat' dir='ltr'><strong>atque</strong></span> <span class='ocrx_word' id='word_1_183' title='bbox 1477 3563 1717 3608; x_wconf 89' lang='lat' dir='ltr'><strong>omnes</strong></span> <span class='ocrx_word' id='word_1_184' title='bbox 1805 3551 2125 3627; x_wconf 87' lang='lat' dir='ltr'><strong>potentes</strong></span> <span class='ocrx_word' id='word_1_185' title='bbox 2189 3544 2735 3612; x_wconf 87' lang='lat' dir='ltr'><strong>Alemannorum</strong></span> 
     </span>
     <span class='ocr_line' id='line_1_34' title="bbox 842 3642 2738 3728; baseline 0.003 -22"><span class='ocrx_word' id='word_1_186' title='bbox 842 3644 1128 3726; x_wconf 89' lang='lat' dir='ltr'><strong>imperio</strong></span> <span class='ocrx_word' id='word_1_187' title='bbox 1216 3642 1696 3726; x_wconf 82' lang='lat' dir='ltr'><strong>subjacentes3</strong></span> <span class='ocrx_word' id='word_1_188' title='bbox 1801 3643 1952 3708; x_wconf 88' lang='lat' dir='ltr'><strong>hos·</strong></span> <span class='ocrx_word' id='word_1_189' title='bbox 2027 3646 2349 3726; x_wconf 87' lang='lat' dir='ltr'><strong>praemiis,</strong></span> <span class='ocrx_word' id='word_1_190' title='bbox 2440 3646 2738 3728; x_wconf 89' lang='lat' dir='ltr'><strong>illosque</strong></span> 
     </span>
     <span class='ocr_line' id='line_1_35' title="bbox 840 3742 2736 3828; baseline 0.001 -21"><span class='ocrx_word' id='word_1_191' title='bbox 840 3742 1214 3807; x_wconf 86' lang='lat' dir='ltr'><strong>foederibus</strong></span> <span class='ocrx_word' id='word_1_192' title='bbox 1259 3743 1719 3825; x_wconf 86' lang='lat' dir='ltr'><strong>amicitiisque</strong></span> <span class='ocrx_word' id='word_1_193' title='bbox 1752 3745 2150 3821; x_wconf 74' lang='lat' dir='ltr'><strong>contractiS,</strong></span> <span class='ocrx_word' id='word_1_194' title='bbox 2194 3744 2285 3807; x_wconf 84' lang='lat' dir='ltr'><strong>ad</strong></span> <span class='ocrx_word' id='word_1_195' title='bbox 2330 3763 2531 3808; x_wconf 86' lang='lat' dir='ltr'><strong>suam</strong></span> <span class='ocrx_word' id='word_1_196' title='bbox 2572 3765 2736 3828; x_wconf 84' lang='lat' dir='ltr'><strong>par-</strong></span> 
     </span>
     <span class='ocr_line' id='line_1_36' title="bbox 837 3843 2733 3925; baseline 0.001 -18"><span class='ocrx_word' id='word_1_197' title='bbox 837 3850 976 3908; x_wconf 90' lang='lat' dir='ltr'><strong>tem</strong></span> <span class='ocrx_word' id='word_1_198' title='bbox 1013 3843 1259 3909; x_wconf 83' lang='lat' dir='ltr'><strong>allexit</strong></span> <span class='ocrx_word' id='word_1_199' title='bbox 1288 3850 1500 3924; x_wconf 86' lang='lat' dir='ltr'><strong>atque</strong></span> <span class='ocrx_word' id='word_1_200' title='bbox 1534 3843 1830 3907; x_wconf 86' lang='lat' dir='ltr'><strong>transire</strong></span> <span class='ocrx_word' id='word_1_201' title='bbox 1865 3844 2116 3925; x_wconf 85' lang='lat' dir='ltr'><strong>coegit.</strong></span> <span class='ocrx_word' id='word_1_202' title='bbox 2222 3844 2489 3925; x_wconf 85' lang='lat' dir='ltr'><strong>Regem</strong></span> <span class='ocrx_word' id='word_1_203' title='bbox 2523 3845 2733 3908; x_wconf 84' lang='lat' dir='ltr'><strong>etiam</strong></span> 
     </span>
     <span class='ocr_line' id='line_1_37' title="bbox 841 3942 2738 4025; baseline 0.001 -18"><span class='ocrx_word' id='word_1_204' title='bbox 841 3943 1272 4025; x_wconf 82' lang='lat' dir='ltr'><strong>Arragoniae,</strong></span> <span class='ocrx_word' id='word_1_205' title='bbox 1324 3943 1456 4005; x_wconf 86' lang='lat' dir='ltr'><strong>sibi</strong></span> <span class='ocrx_word' id='word_1_206' title='bbox 1511 3942 2030 4019; x_wconf 85' lang='lat' dir='ltr'><strong>amicissimum,</strong></span> <span class='ocrx_word' id='word_1_207' title='bbox 2085 3962 2241 4005; x_wconf 92' lang='lat' dir='ltr'><strong>cum</strong></span> <span class='ocrx_word' id='word_1_208' title='bbox 2307 3943 2597 4007; x_wconf 86' lang='lat' dir='ltr'><strong>ducibus</strong></span> <span class='ocrx_word' id='word_1_209' title='bbox 2664 3951 2738 4008; x_wconf 91' lang='lat' dir='ltr'><strong>et</strong></span> 
     </span>
     <span class='ocr_line' id='line_1_38' title="bbox 837 4041 2733 4118; baseline 0.001 -13"><span class='ocrx_word' id='word_1_210' title='bbox 837 4044 1197 4108; x_wconf 87' lang='lat' dir='ltr'><strong>comitibus</strong></span> <span class='ocrx_word' id='word_1_211' title='bbox 1265 4041 1661 4105; x_wconf 82' lang='lat' dir='ltr'><strong>Proventiae</strong></span> <span class='ocrx_word' id='word_1_212' title='bbox 1738 4049 1808 4106; x_wconf 89' lang='lat' dir='ltr'><strong>et</strong></span> <span class='ocrx_word' id='word_1_213' title='bbox 1884 4041 2277 4118; x_wconf 85' lang='lat' dir='ltr'><strong>Sabaudiae,</strong></span> <span class='ocrx_word' id='word_1_214' title='bbox 2352 4049 2424 4106; x_wconf 91' lang='lat' dir='ltr'><strong>et</strong></span> <span class='ocrx_word' id='word_1_215' title='bbox 2494 4062 2733 4107; x_wconf 88' lang='lat' dir='ltr'><strong>eorum</strong></span> 
     </span>
    </p>
   </div>
   <div class='ocr_carea' id='block_1_4' title="bbox 831 4220 2736 4351">
    <p class='ocr_par' dir='ltr' id='par_1_4' title="bbox 831 4220 2736 4351">
     <span class='ocr_line' id='line_1_39' title="bbox 862 4220 2736 4338; baseline 0.001 -69"><span class='ocrx_word' id='word_1_216' title='bbox 862 4290 873 4301; x_wconf 39' lang='lat'>⁸</span> <span class='ocrx_word' id='word_1_217' title='bbox 908 4224 922 4253; x_wconf 92' lang='lat'>¹</span> <span class='ocrx_word' id='word_1_218' title='bbox 965 4220 1227 4338; x_wconf 62' lang='lat' dir='ltr'><strong>illaquam]</strong></span> <span class='ocrx_word' id='word_1_219' title='bbox 1266 4220 1381 4271; x_wconf 90' lang='lat' dir='ltr'><strong>MS.</strong></span> <span class='ocrx_word' id='word_1_220' title='bbox 1404 4221 1647 4283; x_wconf 84' lang='lat' dir='ltr'><strong>aliquam.</strong></span> <span class='ocrx_word' id='word_1_221' title='bbox 1718 4220 1827 4270; x_wconf 87' lang='lat' dir='ltr'><strong>The</strong></span> <span class='ocrx_word' id='word_1_222' title='bbox 1850 4224 1959 4269; x_wconf 86' lang='lat' dir='ltr'><strong>text</strong></span> <span class='ocrx_word' id='word_1_223' title='bbox 1980 4221 2025 4270; x_wconf 89' lang='lat' dir='ltr'><strong>is</strong></span> <span class='ocrx_word' id='word_1_224' title='bbox 2049 4224 2275 4283; x_wconf 83' lang='lat' dir='ltr'><strong>corrupt,</strong></span> <span class='ocrx_word' id='word_1_225' title='bbox 2304 4220 2404 4269; x_wconf 85' lang='lat' dir='ltr'><strong>and</strong></span> <span class='ocrx_word' id='word_1_226' title='bbox 2432 4220 2518 4270; x_wconf 87' lang='lat' dir='ltr'><strong>the</strong></span> <span class='ocrx_word' id='word_1_227' title='bbox 2541 4224 2681 4283; x_wconf 81' lang='lat' dir='ltr'><strong>story</strong></span> <span class='ocrx_word' id='word_1_228' title='bbox 2704 4237 2736 4271; x_wconf 83' lang='lat' dir='ltr'><strong>a</strong></span> 
     </span>
     <span class='ocr_line' id='line_1_40' title="bbox 831 4304 1196 4351; baseline 0.005 -14"><span class='ocrx_word' id='word_1_229' title='bbox 831 4304 978 4351; x_wconf 71' lang='lat' dir='ltr'><strong>singu</strong></span> <span class='ocrx_word' id='word_1_230' title='bbox 1003 4305 1061 4339; x_wconf 83' lang='lat' dir='ltr'><strong>ar</strong></span> <span class='ocrx_word' id='word_1_231' title='bbox 1081 4306 1196 4339; x_wconf 75' lang='lat' dir='ltr'><strong>one.</strong></span> 
     </span>
    </p>
   </div>
  </div>
 </body>
</html>
