3107 5054
821 499 948 565 126
1311 515 1815 564 communio
1862 513 2217 562 canorum

491 685 766 777 nffiffi*
818 675 1226 756 sanguinem
1277 680 1625 756 tangeret,
1660 672 2027 756 ignorante
2060 669 2338 747 comite,
2383 688 2541 734 cum
2572 669 2721 732 suis

491 748 690 878 ἓξὲξ
821 775 907 839 ad
945 774 1226 840 Divisas
1255 795 1334 840 se
1368 773 1709 853 contulit3
1756 773 1876 838 ubi
1917 772 2110 855 prius
2146 771 2299 856 jam
2332 770 2521 834 facta
2555 789 2629 832 cs.
2646 790 2720 832 a·

679 866 692 877 ’
821 875 1144 941 ventione
1182 877 1362 940 inter
1395 895 1472 940 se
1505 883 1577 938 et
1619 891 1809 950 suos,
1844 874 1908 936 si
1956 872 2321 937 castellum
2353 870 2720 946 obtineret,

821 977 1073 1040 nemini
1138 995 1440 1060 unquam
1521 973 1955 1050 tradendum,
2028 973 2191 1036 dolo
2264 969 2719 1052 malignitatis

820 1095 1089 1140 murum
1135 1075 1470 1152 ascendit,
1517 1075 1730 1156 regiis
1767 1072 2103 1137 militibus
2137 1073 2258 1154 qui
2303 1072 2491 1137 intus
2522 1077 2723 1134 erant

821 1177 1095 1258 signum
1165 1176 1356 1240 dedit
1411 1175 1741 1252 victoriae,
1792 1172 1953 1237 hinc
2010 1191 2103 1236 ex
2158 1171 2534 1255 improviso
2594 1189 2717 1233 ex-

819 1276 1074 1340 teriora
1118 1275 1407 1340 castella
1457 1273 1870 1359 penetravit,
1901 1274 1974 1336 in
2017 1272 2251 1354 plures
2284 1269 2720 1354 tyrannidem

819 1376 1156 1440 exercuit.
1226 1375 1502 1454 Quarta
1526 1373 1773 1438 dehinc
1803 1373 1938 1450 die,
1964 1373 2031 1436 vi
2052 1378 2125 1436 et
2159 1371 2539 1436 calliditate
2572 1389 2719 1434 ma·-

817 1474 1051 1540 litiosa
1103 1476 1345 1539 turrim
1397 1475 1793 1539 interiorem
1854 1472 2343 1556 possidendam
2411 1470 2717 1550 invadit3

819 1580 890 1639 et
923 1574 1216 1656 singulis
1251 1574 1496 1638 diebus
1529 1593 1615 1637 ac
1644 1573 1991 1650 noctibus,
2020 1572 2093 1636 in
2122 1571 2534 1636 extollentia
2562 1590 2715 1635 cor-

817 1673 924 1738 dis
956 1676 1196 1739 ubiubi
1236 1674 1468 1739 omnia
1512 1672 1861 1750 devastat,
1910 1680 1980 1736 et
2015 1673 2203 1736 mala
2234 1690 2393 1755 quae
2438 1677 2715 1755 poterat

494 1785 724 1827 nex-em
819 1793 1026 1857 agere
1072 1794 1206 1839 non
1255 1781 1504 1839 cessat.
1606 1773 1918 1838 Tandem
1963 1773 2053 1836 ad
2098 1772 2145 1837 J
2149 1772 2519 1848 ohannem,
2561 1770 2714 1835 illu-

492 1839 583 1876 into
593 1837 732 1886 prison
747 1840 791 1876 at

492 1887 791 1986 ffiffibffioueh
816 1876 982 1939 stris
1039 1875 1306 1941 militiae
1349 1874 1600 1951 virum,
1641 1875 1763 1956 qui
1808 1880 1977 1937 tunc
2023 1873 2095 1936 in
2148 1874 2332 1955 regis
2382 1871 2715 1935 fidelitate

493 1987 698 2078 {gg-<³1¹-
817 1973 1351 2040 Merleberieuse
1409 1974 1773 2039 castellum
1837 1974 2281 2050 observabat,
2346 1971 2721 2048 divertenS,

587 2065 600 2084 '
815 2083 894 2138 ut
929 2094 1056 2139 suo
1088 2075 1402 2151 consilio,
1432 2075 1644 2138 immo
1676 2073 1931 2150 insilio,
1962 2072 2353 2138 consentiat
2381 2077 2452 2135 et
2478 2089 2713 2136 secum

813 2181 1072 2251 teneat,
1125 2183 1196 2241 et
1257 2195 1396 2240 non
1449 2174 1672 2239 solum
1717 2173 1867 2254 regi
1922 2173 2043 2236 sed
2096 2173 2309 2236 etiam
2357 2171 2593 2235 comiti
2642 2178 2716 2235 et

813 2277 1339 2359 quibuscunque
1412 2282 1690 2357 poterat
1744 2273 1818 2337 in
1895 2273 2115 2338 Satan
2178 2272 2326 2348 fiat,
2394 2271 2715 2334 minando

813 2377 1165 2457 postulat3
1213 2377 1273 2439 si
1307 2375 1542 2451 nollet,
1575 2375 1784 2439 sciret
1814 2392 1890 2438 se
1934 2393 2027 2436 ex
2069 2372 2447 2454 improviso
2484 2371 2711 2452 capite

811 2475 1273 2558 plectendum.
1380 2473 1771 2557 Respondit
1814 2472 1861 2538 J
1866 2471 2221 2538 ohannes:
2274 2479 2290 2507 ‘
2316 2470 2402 2535 In
2453 2471 2710 2536 virtute

814 2575 948 2639 Dei
996 2575 1372 2657 quemlibet
1437 2574 1625 2639 malo
1688 2593 1959 2657 capere,
2023 2592 2235 2656 quam
2312 2572 2402 2635 ab
2476 2571 2710 2653 aliquo

811 2674 1018 2756 capi,'
1051 2675 1273 2755 dixit3
1328 2682 1399 2739 et
1429 2693 1597 2739 mox
1646 2674 1842 2739 illum
1886 2680 2171 2756 captum
2212 2674 2285 2737 in
2328 2670 2715 2735 custodiam

812 2774 1068 2857 posuit,
1121 2776 1480 2858 vicemque
1536 2794 1663 2857 pro
1720 2776 1869 2838 vice
1918 2773 2237 2850 reddens,
2290 2770 2523 2835 omnia
2574 2777 2713 2835 tor-

813 2882 1202 2938 mentorum
1253 2893 1506 2955 genera
1555 2894 1712 2955 quae
1758 2875 1834 2938 in
1890 2873 2303 2938 crudelitate
2346 2890 2477 2935 sua
2519 2871 2711 2953 prius

491 2987 577 3028 and
593 2986 699 3026 ‹¹011-
815 2973 970 3037 aliis
997 2973 1352 3051 intulerat,
1387 2975 1460 3037 in
1486 2974 1682 3037 illum
1711 2973 2012 3056 expendi
2043 2973 2225 3041 fecit.
2332 2971 2467 3036 His
2499 2972 2717 3035 omni-

489 3037 775 3127 gr‘fflrwth‘
811 3075 942 3138 bus
987 3074 1268 3151 auditis,
1311 3092 1542 3138 comes
1589 3073 2047 3138 Glaornensis
2086 3082 2159 3137 et
2192 3071 2370 3137 Milo
2421 3091 2536 3136 ex·
2548 3090 2713 3135 con-

487 3139 750 3179 (ΗΜΘΝ
811 3175 1260 3253 stabularius,
1302 3195 1460 3239 cum
1505 3174 1847 3257 pluribus,
1878 3174 1966 3238 ad
1997 3172 2406 3255 praedictum
2443 3172 2491 3236 J
2494 3171 2713 3235 ohan-

813 3295 969 3339 nem
1020 3275 1325 3352 veniunt,
1373 3276 1484 3339 cui
1537 3276 1691 3357 ipse
1739 3292 1971 3340 comes
2022 3290 2091 3337 D.
2142 3291 2414 3337 marcas
2466 3288 2542 3335 se
2591 3272 2711 3335 da-

811 3382 1039 3439 turum
1088 3375 1486 3457 spopondit,
1517 3395 1600 3439 eo
1634 3381 1845 3457 pacto
1876 3381 1957 3438 ut
1994 3373 2128 3438 sibi
2170 3372 2588 3437 Rotbertum
2621 3371 2712 3435 ad

810 3482 1148 3538 statutum
1215 3474 1392 3539 diem
1464 3481 1853 3556 praestaret,
1925 3474 2213 3555 ipseque
2286 3470 2423 3535 sibi
2494 3473 2710 3536 bonos

809 3574 1084 3638 obsides
1129 3574 1347 3638 daret.
1450 3575 1498 3639 J
1503 3574 1809 3637 ohannes
1852 3573 2173 3656 placatus
2218 3572 2511 3654 pecunia
2549 3592 2713 3653 pro-

811 3674 1020 3738 missa
1079 3681 1149 3737 et
1203 3673 1582 3753 obsidibus,
1647 3673 1930 3738 tradidit
1992 3673 2096 3737 illi
2160 3670 2576 3737 Rotbertum
2630 3691 2711 3735 eo

809 3782 1068 3851 tenore,
1115 3780 1196 3837 ut
1239 3774 1416 3839 infra
1467 3790 1592 3838 xv.
1644 3774 1791 3838 dies
1836 3773 1965 3837 sibi
2016 3772 2441 3837 redderetur.
2548 3771 2711 3835 Hac

810 3875 1268 3939 conventione
1319 3874 1528 3951 tacta,
1584 3893 1812 3938 comes
1856 3874 2231 3937 revertitur
2276 3870 2710 3948 Glaorniam,

489 3997 735 4037 nerum-to
808 3976 1064 4039 ducens
1094 3994 1326 4038 secum
1368 3975 1808 4040 Rotbertum.
1914 3972 2316 4038 Conseritur
2348 3990 2574 4035 sermo
2626 3971 2713 4035 de

486 4047 772 4157 235‘3531‘501
813 4073 1154 4138 reddendo
1197 4073 1486 4138 castello
1537 4075 1721 4156 apud
1757 4074 2067 4149 DivisaS,
2103 4071 2287 4155 quod
2326 4080 2711 4153 spontaneo

488 4148 685 4187 mnu*
810 4173 988 4237 velle
1020 4174 1150 4237 sibi
1177 4174 1357 4237 tradi
1388 4176 1721 4255 postulat.
1818 4172 2145 4254 Abnegat
2178 4173 2587 4249 RotbertuS‚
2625 4192 2712 4236 ne

801 4274 1274 4357 juramentum
1305 4274 1491 4355 quod
1514 4294 1669 4338 cum
1704 4274 1849 4338 suis
1871 4274 2258 4357 juraverat,
2287 4272 2359 4335 in
2390 4292 2528 4335 non
2557 4272 2714 4335 red-
