3107 5054
473 3442 620 3481 Letter
635 3442 684 3482 of
699 3443 774 3482 the

472 3491 582 3540 king
597 3491 646 3531 of

473 3541 635 3581 Franco
650 3544 697 3580 to

472 3591 548 3629 the
565 3601 684 3639 pope,
704 3602 759 3630 on

473 3640 550 3679 the
565 3641 730 3689 subject

474 3690 521 3728 of
535 3690 610 3729 the

473 3740 647 3779 murder
663 3739 712 3780 of

473 3789 652 3831 Becket.

799 469 930 534 146
1299 483 1797 532 eoN'rmuA‘mo
1850 482 2201 532 cunomm

797 645 885 710 de
916 644 1304 718 Morevilla‚
1354 651 1426 708 et
1484 644 1582 708 ibi
1624 642 1889 706 tamdiu
1934 647 2437 717 remanserunt,
2488 641 2705 706 donec

797 745 973 812 viles
1002 745 1220 810 habiti
1239 743 1510 807 fuerant
1531 763 1573 808 a
1596 742 2071 825 compatriotis
2098 741 2285 804 illius
2308 741 2706 823 provinciae.

801 845 1062 909 Omnes
1115 844 1294 908 enim
1344 841 1621 906 illorum
1655 843 1972 907 vitabant
2020 840 2353 924 alloquia,
2396 861 2521 904 nec
2576 839 2705 904 ali-

797 945 956 1026 quis
986 963 1144 1010 cum
1193 943 1296 1006 eis
1341 943 1765 1006 manducare
1794 941 1906 1006 vel
1940 941 2173 1004 bibere
2223 941 2467 1007 voluit.
2558 939 2707 1003 Soli

799 1063 968 1124 ergo
1013 1041 1528 1108 manducabant
1560 1049 1634 1107 et
1664 1040 1798 1105 soli
1826 1041 2181 1123 bibebant,
2213 1047 2285 1105 et
2316 1029 2706 1122 fragmenta

799 1143 1216 1208 cibariorum
1293 1157 1575 1206 suorum
1648 1141 1935 1205 canibus
2006 1139 2573 1222 projiciebantur,
2634 1145 2705 1203 et

798 1261 956 1306 cum
995 1248 1418 1325 gustassent,
1465 1241 1793 1305 nolebant
1838 1239 1999 1303 inde
2050 1238 2423 1321 quicquam
2474 1257 2701 1302 come-

799 1341 983 1406 dere.
1086 1341 1268 1406 Eece
1311 1340 1681 1405 manifesta
1726 1346 1799 1403 et
1844 1339 2059 1420 digna
2090 1338 2227 1402 Dei
2256 1339 2585 1414 vindicta,
2621 1344 2703 1401 ut

797 1440 900 1503 illi
930 1439 1052 1522 qui
1083 1445 1650 1520 contempserunt
1698 1438 2035 1502 christum
2084 1437 2394 1515 Domini,
2425 1455 2469 1500 a
2514 1436 2703 1501 cani-

798 1540 930 1602 bus
991 1539 1200 1602 etiam
1255 1540 1893 1603 contemnebantur.
2015 1537 2307 1602 Interim
2370 1556 2521 1614 rex,
2580 1536 2703 1618 qui

801 1638 1064 1703 curiam
1091 1657 1288 1702 suam
1335 1638 1560 1702 tenuit
1591 1638 1777 1720 apud
1811 1638 2100 1714 Burum,
2135 1644 2216 1702 ut
2264 1655 2479 1720 supra
2530 1635 2704 1698 dixi-

799 1753 977 1815 muS,
1010 1737 1202 1801 venit
1249 1737 1336 1803 ad
1392 1729 1969 1818 Argentomium‚¹
2017 1737 2137 1800 ubi
2188 1756 2343 1800 eum
2394 1736 2705 1801 audisset

801 1836 986 1918 quod
1015 1837 1386 1918 praedictus
1423 1835 1947 1900 Cantuariensis
1998 1835 2557 1918 archiepiscopus
2602 1835 2703 1899 ita

799 1935 1174 2000 crudeliter
1231 1937 1302 2000 in
1353 1936 1646 2002 ecclesia
1698 1935 2190 2001 Cantuariensi
2250 1936 2705 2011 occideretur,

801 2035 1024 2100 doluit
1054 2035 1498 2101 vehementer
1529 2043 1601 2099 et
1630 2035 2001 2118 plusquam
2046 2035 2183 2100 dici
2213 2043 2446 2117 potest
2472 2055 2489 2114 ;
2544 2053 2706 2097 nam

803 2135 1262 2200 miserabilem
1314 2136 1534 2200 vitam
1582 2135 1786 2200 duxit
1818 2142 1891 2198 et
1933 2134 2345 2198 inauditam.
2454 2133 2704 2198 Noluit

802 2235 986 2298 enim
1017 2255 1144 2317 per
1172 2242 1314 2300 tres
1357 2235 1505 2298 dies
1553 2235 1927 2317 quicquam
1972 2234 2355 2312 comedere,
2388 2253 2514 2298 nec
2544 2253 2703 2296 cum

803 2335 1040 2417 aliquo
1069 2335 1284 2416 loqui,
1318 2335 1441 2398 sed
1485 2335 1749 2399 clausis
1785 2334 2023 2417 januis
2055 2333 2268 2398 vitam
2314 2332 2703 2398 solitariam

803 2453 930 2515 per
973 2434 1278 2515 quinque
1322 2433 1750 2515 septimanas
1796 2433 2026 2510 duxit,
2056 2432 2275 2497 donee
2320 2432 2704 2510 Rotrodus,

807 2532 1346 2614 Rotomagensis
1364 2533 1947 2616 archiepiscopum,
1958 2542 2026 2596 et
2040 2534 2346 2615 episcopi
2359 2534 2707 2597 Norman-

799 2630 935 2695 niae
965 2633 1346 2707 venientes,
1383 2652 1537 2697 eum
1574 2634 2119 2697 consolarentur.
2200 2632 2437 2711 Quum
2468 2640 2703 2696 autem

801 2730 952 2794 haec
986 2731 1257 2809 fierent,
1292 2731 1709 2796 Lodowicus
1756 2752 1883 2797 rex
1931 2733 2383 2809 Francorum,
2418 2740 2490 2796 et
2525 2732 2703 2796 Wil-

801 2828 1048 2893 lelmus
1124 2831 1627 2896 Senonensium
1704 2832 2292 2916 archiepiscopus,
2351 2839 2423 2896 et
2479 2832 2707 2895 Theo-

800 2928 1049 2992 baldus
1085 2948 1316 2994 comes
1349 2931 1731 3008 BlesensiS,
1760 2933 2189 3014 scripserunt
2214 2932 2286 2995 in
2317 2931 2447 2996 hac
2477 2930 2702 2995 forma

801 3027 889 3091 ad
933 3026 1416 3094 Alexandrum
1449 3050 1795 3096 summum
1842 3032 2265 3114 pontificem,
2310 3037 2554 3095 contra
2598 3051 2705 3095 re-

802 3146 958 3209 gem
980 3126 1382 3210 Angliae,de
1397 3138 1623 3195 morte
1636 3130 2160 3197 cantuariensis
2182 3130 2704 3214 archiepiscopi.

1341 3316 1619 3358 EPISTOLA
1662 3316 1831 3357 REGIS
1878 3316 2162 3357 FRANOIAE.

886 3431 1192 3495 Domino
1211 3441 1281 3496 et
1297 3434 1484 3516 patri
1505 3455 1637 3499 suo
1646 3416 2553 3513 sanctissimo,Alex‘andro,
2566 3436 2703 3500 Dei

799 3529 1029 3608 gratia
1049 3548 1318 3595 summo
1336 3535 1669 3613 pontifici,
1692 3534 2103 3601 Lodowicus
2126 3555 2253 3603 rex
2268 3536 2697 3600 Francorum

797 3627 1098 3692 salutem
1143 3631 1563 3697 et.·debitam
1618 3636 2101 3700 reverentiam.
2206 3635 2319 3699 Ab
2374 3635 2699 3699 humanae

799 3726 1080 3808 pietatis
1107 3728 1270 3811 lege
1315 3733 1579 3798 recedit
1606 3734 1818 3811 filius,
1853 3736 1972 3817 qui
2018 3742 2309 3799 matrem
2344 3735 2703 3817 deturpat,

795 3846 1020 3909 neque
1066 3828 1419 3897 creatoris
1471 3833 1886 3897 beneficium
1932 3835 2426 3911 reminiscitur,
2459 3834 2701 3917 quide

798 3935 1062 3991 sanctae
1135 3930 1284 3993 sedi
1361 3929 1563 3996 illata
1631 3932 2061 4015 turpitudine
2138 3954 2277 3999 non
2352 3935 2698 4000 tristatur.

797 4024 1064 4090 Verum
1094 4030 1467 4109 specialius
1502 4038 1613 4095 est
1644 4032 2173 4109 condolendum,
2210 4041 2283 4099 et
2311 4034 2699 4098 novitatem

1055 4246 1071 4277 ¹
1104 4250 1520 4318 Arg-montium]
1557 4256 1821 4319 Argentan
1840 4258 1895 4305 in
1916 4258 2099 4308 Lower
2121 4259 2173 4308 N
2176 4260 2435 4321 ormandy.
