3107 5054
835 469 966 535 120
1343 487 1841 536 con-risuum
1886 487 2236 536 crinorum

838 645 926 710 ad
971 651 1244 729 portam
1291 663 1414 728 per
1457 643 1909 708 coemiterium
1954 642 2491 724 deportavimuS.
2594 641 2739 707 Ad·

838 746 1126 810 versarii
1174 743 1597 827 conglobati,
1630 742 2076 807 accelerando
2123 743 2473 806 munimen
2520 742 2739 825 quod-

835 845 998 909 dam
1032 844 1484 909 fortissimum
1533 845 1608 907 in
1650 843 1939 908 australi
1982 851 2183 924 parte
2215 843 2544 920 civitatiS,
2581 861 2737 926 pro-

837 951 992 1027 pter
1024 945 1388 1010 castellum
1428 945 1664 1021 situm,
1695 943 1988 1026 primum
2020 943 2429 1026 impugnant
2456 963 2473 1008 ε
2520 943 2739 1008 nostri

836 1045 1106 1110 sortiter
1135 1052 1204 1110 et
1226 1044 1518 1109 viriliter
1549 1045 1889 1108 resistere.
1972 1043 2236 1108 Hostes
2264 1040 2421 1107 inde
2455 1043 2739 1126 repulsi,

838 1145 1164 1227 quoniam
1197 1142 1338 1209 olla
1381 1163 1719 1208 succensa
1752 1151 1976 1221 erant,
2009 1142 2211 1226 cujus
2242 1143 2452 1208 facies
2488 1162 2532 1207 a
2566 1143 2739 1208 facie

837 1244 1208 1328 aquilonis,
1254 1242 1671 1327 aquilonalis
1716 1243 1935 1325 partis
1991 1243 2299 1308 civitatis
2349 1245 2737 1325 ingressum

837 1343 1142 1427 petunt.²
1281 1343 1502 1408 Nullo
1580 1344 1905 1407 obstante
1973 1343 2372 1420 munimine,
2436 1344 2734 1407 hostium

835 1443 1332 1524 copiosissima,
1377 1443 1835 1521 rabidissima,
1878 1451 1950 1506 et
1996 1451 2151 1507 tota
2194 1442 2466 1507 effrenis
2514 1442 2739 1508 multi-

838 1541 1005 1606 tudo
1058 1543 1298 1620 intrat,
1344 1544 1416 1607 in
1467 1543 1759 1608 diversis
1810 1543 1981 1606 locis
2026 1545 2253 1624 ignem
2306 1543 2569 1607 aedibus
2615 1545 2736 1608 im·

835 1643 1069 1707 mittit.
1165 1642 1354 1706 Proh
1390 1642 1612 1720 dolor,
1646 1642 2072 1708 comburitur
2104 1662 2239 1708 non
2275 1645 2543 1707 modica
2574 1663 2737 1727 pars

835 1742 1142 1807 civitatis
1197 1762 1324 1825 per
1366 1743 1545 1820 loca,
1598 1743 1717 1806 sed
1764 1743 1993 1827 maj01·
2026 1761 2189 1825 pars
2240 1744 2488 1807 stando
2538 1752 2740 1826 paret

835 1842 1088 1906 inusta.
1192 1842 1735 1927 Supellectilium
1767 1842 2195 1907 diversarum
2224 1843 2296 1906 in
2329 1843 2639 1921 civitate,
2666 1852 2737 1908 et

835 1943 908 2005 in
953 1943 1229 2007 ruribus
1277 1945 1513 2020 boum,
1545 1943 1802 2020 ovium,
1834 1942 2259 2020 animalium,
2300 1951 2369 2007 et
2402 1963 2736 2026 equorum

837 2041 917 2106 fit
946 2042 1253 2107 maxima
1290 2042 1548 2127 praeda.
1655 2041 1950 2106 Plurimi
1985 2062 2110 2125 per
2138 2044 2330 2108 vicos
2366 2051 2436 2107 et
2466 2044 2736 2128 plateas

834 2143 1230 2224 capiuntur,
1286 2151 1355 2208 et
1409 2142 1603 2207 velut
1656 2143 1727 2205 in
1786 2142 2038 2224 copula
2092 2161 2340 2206 canum
2396 2145 2737 2207 constrin-

837 2250 1118 2323 guntur,
1167 2251 1238 2308 et
1284 2242 1771 2308 miserabiliter
1810 2242 2267 2307 abducuntur.
2374 2243 2570 2308 Licet
2616 2242 2734 2307 ha·

835 2343 1070 2420 beant,
1125 2343 1288 2408 licet
1343 2362 1478 2406 non
1536 2344 1864 2419 habeant,
1921 2351 2257 2425 quantum
2314 2343 2591 2408 crudele
2656 2363 2733 2408 os

833 2441 1107 2507 illorum
1165 2445 1532 2520 censuerit,
1580 2443 1650 2505 in
1708 2443 2248 2525 redemptionem
2297 2445 2403 2506 sui
2461 2443 2732 2529 jureju-

833 2542 1050 2607 rando
1069 2544 1469 2625 promittere
1505 2551 1576 2607 et
1596 2543 1878 2607 reddere
1912 2544 2442 2627 compelluntur.
2511 2544 2735 2609 Gesta

833 2648 997 2705 sunt
1048 2641 1198 2706 haec
1250 2643 1362 2706 die
1421 2663 1563 2725 qua
1610 2644 1896 2707 intravit
1946 2645 2214 2721 bruma,
2263 2645 2529 2708 miseris
2584 2646 2731 2708 sine

829 2740 1040 2805 dubio
1091 2742 1282 2806 dura.
1386 2743 1434 2807 J
1440 2738 1555 2806 am'
1608 2742 1861 2826 praedis
1908 2745 2156 2827 captis,
2210 2745 2732 2828 quampluribus

829 2839 1096 2905 aedibus
1154 2844 1352 2920 arSiS,
1415 2845 1516 2931 sic
1583 2843 2009 2907 debacchata
2075 2852 2385 2909 remeant
2442 2845 2733 2909 rabidis-

829 2941 1008 3007 sima
1064 2949 1320 3019 castra,
1371 2943 1442 3007 in
1487 2963 1704 3025 prava
1750 2962 1920 3007 cura
1964 2943 2089 3008 tali
2145 2964 2497 3028 nunquam
2550 2946 2727 3009 redi-

829 3046 1011 3104 tura.
1149 3042 1528 3107 Tricesimo
1592 3042 1703 3106 die
1776 3044 2032 3108 mensis
2100 3044 2439 3109 Novemb.
2500 3064 2729 3109 comes

828 3140 1135 3205 civitatis
1197 3142 1606 3224 Wigornam
1667 3144 1879 3221 venit,
1949 3145 2490 3210 combustionem
2559 3145 2729 3210 civi-

827 3240 1019 3320 tatis,
1049 3248 1128 3306 ut
1155 3243 1351 3320 vidit,
1381 3243 1700 3321 indoluit,
1734 3244 1821 3307 ad
1866 3244 2188 3327 injuriam
2238 3246 2347 3308 sui
2380 3246 2449 3309 id
2494 3253 2725 3310 actum

827 3340 972 3405 fore
1027 3342 1390 3423 persensit.
1497 3343 1701 3407 Unde
1760 3343 2109 3409 vindicare
2164 3364 2240 3408 se
2290 3344 2556 3423 volenS,
2607 3346 2730 3409 sti-

825 3449 1033 3521 patus
1065 3460 1275 3505 manu
1312 3444 1604 3506 militum
1638 3442 2109 3526 Suthlegiam²
2146 3445 2354 3520 adiit;
2412 3445 2729 3509 audierat

825 3538 1010 3600 enim
1048 3539 1096 3603 J
1101 3540 1440 3605 ohannem
1481 3542 1779 3606 Haroldi
1824 3544 2065 3620 filium,
2097 3542 2367 3610 deserto
2418 3565 2608 3629 rege,
2639 3544 2726 3608 ad

825 3635 1432 3705 Glaocestrensem
1493 3643 1813 3707 comitem
1874 3644 2286 3722 divertisse;
2376 3646 2496 3709 ubi
2560 3645 2724 3728 quid

823 3757 1053 3803 comes
1071 3732 1290 3822 egerit
1311 3742 1373 3806 si
1396 3744 1750 3825 quaeritur,
1770 3744 1892 3808 vix
1916 3746 2264 3809 memoriae
2285 3745 2730 3810 tradendum:

821 3838 1242 3924 malum'pro
1295 3841 1480 3907 malo
1533 3842 1855 3921 reddidit,
1901 3845 1973 3907 in
2004 3844 2397 3909 hominibus
2430 3865 2587 3909 cum
2622 3865 2731 3909 re-

823 3939 951 4003 bus
985 3960 1218 4006 eorum
1248 3950 1319 4007 et
1354 3943 1769 4008 animalibus
1800 3944 2109 4027 praedam
2141 3945 2287 4027 egit
2309 3953 2379 4009 et
2410 3945 2731 4024 abduxit,

822 4046 892 4103 et
957 4035 1260 4106 crastino
1323 4041 1729 4125 Wigornam
1793 4045 2017 4108 rediit.
2125 4044 2297 4109 Post
2361 4045 2509 4109 haec
2576 4064 2734 4123 reX,

889 4212 904 4242 ¹
942 4216 1123 4271 Hostes
1147 4253 1160 4268 .
1189 4255 1201 4268 .
1229 4254 1242 4269 .
1271 4255 1283 4269 .
1301 4220 1519 4283 petunt]
1572 4221 1639 4269 So
1688 4222 1747 4270 C.
1798 4220 1814 4246 ‘
1830 4218 1999 4269 erant’
2025 4222 2069 4271 is
2092 4223 2393 4284 apparently
2410 4237 2475 4270 an
2498 4238 2635 4271 error
2656 4223 2734 4272 sor

813 4285 915 4334 and
959 4287 1078 4338 edit.
1151 4290 1210 4338 C.
1257 4290 1407 4339 omits
1452 4291 1468 4317 ‘
1485 4304 1517 4338 a
1562 4290 1695 4340 facie
1716 4290 1749 4350 3'
1798 4292 1813 4318 ‘
1832 4286 1975 4341 erat!
2076 4290 2098 4321 ³
2130 4290 2483 4355 Suthlegiam]
2519 4293 2733 4368 Sudely·
