3107 5054
798 527 1184 575 FLoREN‘rn
1239 525 1801 575 WIGORNIENSIS.

2157 512 2244 575 47

319 691 529 744 ²{nam
563 689 716 746 erat
756 684 1010 767 posita,
1053 685 1336 749 liberam
1386 684 1569 760 fecit,
1614 705 1701 749 ac
1742 704 1978 749 omnes
2026 685 2247 750 malas

345 783 880 848 consuetudines
923 792 994 848 et
1041 785 1337 868 injustas
1369 786 1795 862 exactioneS,
1843 787 2097 867 quibus
2137 806 2246 849 re-

348 901 560 963 gnum
651 882 930 964 Angliae
1002 885 1262 968 injuste
1325 886 1869 967 opprimebatur,
1940 886 2248 962 abstulit,

347 1000 594 1065 pacem
621 983 888 1046 firmam
936 984 1010 1046 in
1058 992 1204 1048 toto
1234 1003 1448 1066 regno
1479 1004 1607 1048 suo
1641 985 1897 1068 posuit,
1929 993 2000 1049 et
2030 987 2249 1050 teneri

347 1083 682 1165 praecepit
703 1108 721 1155 3
801 1083 1024 1164 legem
1091 1084 1278 1165 regis

1351 1084 1723 1148 Eadwardi
1796 1085 2115 1149 omnibus
2176 1085 2248 1148 in
2272 1106 2476 1195 1123303·
2488 1106 2563 1145 ιι..

351 1199 712 1246 commune
749 1183 1073 1259 reddidit,
1108 1203 1264 1247 cum
1297 1182 1436 1247 illis
1471 1184 2064 1248 emendationibus
2095 1203 2249 1266 qui·
2275 1207 2453 1246 namra
2469 1207 2541 1245 the

2274 1257 2511 1297 Confessor.

353 1282 484 1344 bus
541 1287 742 1363 pater
796 1302 964 1346 suus
1026 1283 1219 1346 illam
1265 1283 1706 1356 emendavit3
1758 1284 1879 1347 sed
1928 1282 2246 1360 forestaS‚

351 1399 530 1462 quas
559 1381 676 1445 ille
703 1383 1064 1447 constituit
1113 1392 1185 1448 et
1234 1382 1496 1460 habuit,
1527 1383 1599 1446 in
1651 1402 1858 1447 manu
1908 1402 2037 1447 sua
2085 1384 2249 1447 reti-

355 1479 554 1544 nuit.¹

663 1480 816 1545 Nec
863 1482 1084 1547 multo
1135 1490 1296 1564 post
1347 1482 1935 1547 Dunholmensem
1984 1484 2249 1565 episco·
2276 1501 2526 1594 3312?ss

353 1599 521 1662 pum
597 1581 1028 1646 Rannulfum
1090 1582 1470 1646 Lundoniae
1522 1583 1597 1645 in
1650 1582 1859 1646 Turri
1919 1583 2251 1646 custodiae
2277 1605 2575 1644 tomam-over.

353 1680 798 1762 mancipavit,
853 1689 923 1746 et
997 1683 1597 1746 Dorubernensem
1660 1682 2252 1765 archiepiscopum
2278 1703 2491 1743 aecanos

355 1777 760 1844 Anselmum
793 1782 878 1846 de
919 1781 1155 1846 Gallia
1192 1782 1572 1846 revocavit.

353 1880 653 1944 rusalem
726 1881 1003 1946 domum
1087 1882 1436 1946 redierunt
1511 1883 1800 1946 comites
1873 1882 2254 1946 Rotbertus
2279 1906 2533 1995 32:133&-

359 1979 802 2046 Flandrensis
852 1989 923 2046 et
976 1982 1337 2046 Eustatius
1397 1980 1851 2046 Bononiensis
1915 1983 2253 2063 primituS‚

352 2079 510 2143 dein
545 2080 616 2143 N
620 2101 1102 2146 ormannorum
1131 2101 1360 2146 comes
1392 2080 1775 2145 Rotbertus
1805 2101 1959 2146 cum
1987 2080 2258 2159 uxore,⁵z

355 2199 562 2262 quam
599 2179 730 2244 sibi
779 2182 853 2244 in
903 2181 1139 2246 Sicilia
1189 2182 1752 2263 desponsaverat,
1798 2179 2258 2263 repatriavit.³

359 2279 648 2344 Interim
693 2300 821 2345 rex
873 2280 1262 2364 Anglorum
1317 2279 1693 2344 Heinricus
1743 2280 2043 2362 majores
2086 2288 2259 2345 natu
2284 2303 2495 2352 amingo
2510 2303 2559 2343 or

345 2377 638 2462 Angliae
672 2381 1124 2463 congregavit
1177 2381 1589 2457 Lundoniae,
1624 2388 1695 2444 et
1745 2381 1930 2460 regis
1983 2380 2254 2444 Scotto-
2283 2353 2555 2445 ffiffiffh

359 2499 512 2543 rum
544 2479 898 2546 Malcolmi
925 2488 994 2546 et
1030 2481 1458 2563 Margaretae
1490 2481 1752 2563 reginae
1786 2479 2019 2558 filiam,
2051 2480 2258 2545 Mah-

359 2580 596 2644 tildem
627 2582 920 2659 nomine,
951 2583 1024 2645 in
1055 2582 1426 2664 conjugem
1457 2582 1750 2662 accepit,
1782 2601 1993 2663 quam
2029 2581 2259 2647 Doru-

355 2681 711 2745 bernensis
735 2682 1294 2765 archiepiscopus
1317 2681 1718 2758 AnselmuS,
1739 2681 2126 2758 Dominica‚
2152 2682 2263 2747 die

359 2780 761 2845 festivitatis
824 2782 893 2846 S.
951 2782 1264 2859 Martini,
1323 2782 1634 2863 reginam
1694 2781 2129 2845 consecravit
2192 2788 2262 2845 et

432 3044 446 3074 ¹
481 3042 752 3105 Retinuit]
787 3042 883 3091 See
911 3042 997 3092 the
1030 3042 1161 3091 laws
1183 3043 1283 3091 and

355 3112 560 3162 chartei·
577 3114 636 3162 of
665 3114 845 3175 Heni-y
867 3113 915 3163 1.
935 3114 991 3161 in
1026 3112 1112 3161 the
1145 3112 1286 3161 ‘An-

357 3184 498 3233 cient
552 3184 702 3233 Laws
757 3184 860 3233 and
912 3184 1182 3233 Institutes
1235 3183 1294 3231 of

361 3253 634 3316 England?

431 3352 453 3382 ²
487 3356 610 3404 Cum
629 3356 824 3419 uxore]
859 3355 1072 3416 Sibylla,
1093 3354 1288 3415 daugh-

357 3430 438 3474 ter
459 3425 518 3474 of
544 3424 783 3487 Geoffrey
805 3430 959 3475 count
981 3425 1039 3473 of
1066 3424 1286 3474 Conver-

356 3509 503 3557 sana,
532 3496 634 3544 and
665 3496 991 3559 grand-niece
1013 3495 1072 3544 of
1098 3496 1288 3543 Robert

357 3565 638 3615 Guiscard.

431 3665 452 3696 ⁸
483 3668 680 3720 Quarto
713 3670 886 3731 itaque
931 3682 1101 3717 mense
1143 3666 1286 3729 regni

356 3738 519 3801 illiue,
563 3739 647 3787 die
685 3738 926 3787 Omnium
971 3738 1286 3796 Sanctorum,

355 3823 451 3870 per
470 3822 675 3857 manum
702 3809 933 3871 episcopi
954 3807 1288 3856 Lincoliensis

358 3880 610 3940 Rotberti,
642 3879 880 3935 domnum
917 3878 1195 3939 Fal-icium,
1221 3891 1287 3926 ex

356 3940 793 3997 Malmesbiriensl
836 3948 1071 3997 coenobio
1113 3960 1288 3995 mona-

355 4018 532 4081 chum,
565 4018 954 4070 Abbendo'niam
991 4018 1199 4080 direxit,
1237 4022 1289 4065 et

353 4094 416 4137 ut
436 4088 661 4137 debitam
691 4089 770 4137 illi
801 4088 1166 4151 subjectionem
1198 4087 1287 4136 de-

354 4159 562 4222 ferrent,
583 4159 842 4208 monachis
865 4158 1154 4218 mandavit3
1183 4159 1288 4205 uti-

356 4230 535 4280 liorem
558 4229 636 4278 eis
656 4229 764 4279 fore
784 4243 1040 4291 nusquam
1062 4233 1122 4277 ut
1143 4229 1288 4277 reba-

352 4302 440 4348 tur
472 4314 624 4361 posse
647 4314 702 4348 se
724 4300 990 4361 providere
1019 4304 1285 4362 patronum

1337 3044 1644 3089 contestans,
1716 3038 1821 3088 Hic
1865 3040 2038 3100 itaque
2084 3054 2266 3102 genere

1337 3110 1574 3172 Italicus,
1598 3109 1818 3159 seculari
1851 3110 2124 3170 prudentia
2144 3125 2267 3158 cau-

1336 3180 1587 3242 tissimus,
1666 3180 1950 3228 litterarum
2036 3179 2265 3241 adprime

1338 3250 1552 3298 scientia
1586 3250 1774 3309 optime
1820 3248 2068 3309 eruditus,
2109 3250 2267 3297 medi-

1337 3320 1466 3368 cinae
1491 3318 1678 3379 peritia
1705 3318 1833 3366 adeo
1864 3319 2189 3379 exercitatus,
2210 3324 2269 3367 ut

1338 3391 1450 3451 ejus
1487 3388 1649 3437 solius
1684 3387 1965 3436 antidotum
1999 3388 2269 3437 confectio-

1338 3460 1488 3508 nibus
1524 3473 1617 3506 rex
1639 3457 1750 3519 ipse
1774 3471 1828 3506 se
1862 3458 2091 3506 crederet
2126 3472 2266 3520 saepe

1337 3529 1659 3578 medendum.
1740 3527 1867 3576 Erat
1919 3532 1973 3577 et
2025 3528 2266 3578 Romanae

1337 3600 1571 3648 ecclesiae
1601 3602 1768 3659 notus,
1789 3612 1906 3647 cum
1928 3598 2054 3647 etin
2076 3614 2138 3648 ea
2158 3604 2268 3648 tum

1339 3670 1532 3731 multis,
1569 3672 1623 3717 et
1662 3669 1716 3717 in
1754 3668 1872 3717 aliis
1910 3668 2143 3719 ecclesiis
2178 3685 2270 3731 per

1338 3738 1598 3788 Ausonias
1609 3752 1724 3787 oras
1736 3736 1827 3786 diu
1844 3738 2094 3799 deguerit.
2130 3739 2271 3789 Qua-

1340 3823 1393 3857 re
1447 3814 1605 3857 tantae
1658 3808 1932 3869 opinionis,
1987 3822 2271 3871 personam,

1339 3878 1723 3939 archiepiscopo
1765 3877 2010 3925 Anselmo
2053 3878 2120 3926 ab
2174 3878 2272 3927 hac

1339 3950 1448 3997 vita
1469 3950 1702 4009 migrato,
1720 3951 1952 4007 parasset
1972 3961 2063 3995 rex
2086 3948 2275 3997 substi-

1339 4026 1502 4079 tuere,
1535 4017 1638 4065 nisi
1670 4031 1844 4065 norma
1878 4017 2138 4078 aequitatis
2159 4021 2271 4081 ejus

1339 4088 1637 4137 inflexibilis
1693 4086 2001 4148 quibusdam
2065 4090 2273 4151 majoris

1340 4158 1533 4207 ordinis
1605 4157 1941 4207 ecclesiastici
2015 4164 2274 4222 suspecta,

1339 4229 1567 4290 ipsorum
1598 4227 1818 4277 factione
1850 4229 1907 4277 id
1938 4232 2046 4277 tum
2080 4235 2275 4291 pertur-

1341 4300 1567 4349 baretur.
1638 4298 1701 4348 L.
1724 4299 1837 4347 add.

2280 1755 2470 1794 Anselm.

1680 1782 1959 1846 Interea
2002 1784 2092 1846 ab
2140 1782 2252 1845 Ῑθ-
2281 1804 2441 1843 Robert
2459 1804 2546 1843 and

2280 1855 2423 1893 others
2441 1865 2507 1893 re-
