3107 5054
861 466 1248 515 nonnum
1304 468 1866 519 WlooRNIENsls.
2225 459 2309 524 81

401 624 472 686 in
503 623 940 687 convallibus
969 632 1040 688 et
1059 633 1282 690 totum
1318 627 1829 708 processionale
1854 647 2103 709 agmen
2122 632 2307 713 quod

405 724 701 787 antistiti
725 725 1002 787 obviam
1025 727 1506 806 processerat?
1612 727 1983 792 Celebrata
2006 737 2113 793 est
2144 749 2307 812 syn-

403 824 580 886 odus
639 823 1051 901 Lundoniae,
1094 824 1167 887 in
1218 826 1512 889 ecclesia
1572 828 1757 890 beati
1806 826 2303 909 Apostolorum

303 917 309 921 ⁴
402 923 732 1004 principis
745 923 928 1004 apud
939 922 1668 1001 westmonasterium,
1684 946 1789 990 me
1798 946 1919 991 nse
1931 926 2305 1009 Septemb„

401 1027 536 1085 1x0.
577 1023 686 1086 die
745 1022 1058 1105 ejusdem
1110 1025 1390 1100 mensiS,
1424 1025 1493 1088 id
1551 1033 1683 1102 est,
1743 1043 1809 1089 v,
1858 1027 2014 1089 idus
2072 1027 2299 1109 Sept.;

404 1122 518 1185 ubi
567 1130 728 1204 post
763 1121 1134 1185 multarum
1184 1123 1679 1191 discussionem
1718 1144 2107 1203 cansarum,
2138 1146 2303 1207 pro-

401 1222 718 1301 mulgata
747 1229 910 1285 sunt
946 1222 1094 1285 haec
1125 1223 1454 1309 capitula,
1485 1232 1556 1287 et
1578 1225 1667 1287 ab
1700 1225 2017 1289 omnibns
2052 1227 2299 1290 confir-

398 1328 608 1397 mata,
643 1339 929 1384 numero
965 1337 1150 1385 xvn.
1258 1320 1548 1386 Praefuit
1578 1330 1811 1387 autem
1838 1324 1995 1387 huic
2030 1328 2299 1407 synodo

398 1419 758 1484 Johannes
810 1420 896 1483 de
948 1419 1248 1495 Grema‚¹
1297 1430 1557 1487 sanctae
1612 1430 1685 1487 et
1732 1424 2135 1505 apostolicae
2186 1445 2297 1490 ec-

397 1518 648 1596 clesiae,
709 1519 794 1582 de
839 1519 1042 1583 titulo
1089 1520 1160 1584 S.
1211 1521 1599 1602 crisogoni,
1665 1524 2030 1605 presbyter
2074 1525 2297 1589 cardi-

397 1619 598 1693 naliS,
631 1627 702 1683 et
739 1619 1000 1682 domini
1047 1639 1250 1702 papae
1291 1620 1587 1685 Honorii
1632 1623 1704 1685 in
1742 1621 2070 1703 Angliam
2106 1623 2299 1705 lega-

394 1726 532 1793 tuS,
583 1738 740 1781 cum
774 1718 1124 1783 Willelmo
1183 1719 1710 1797 Cantwariensi,
1770 1729 1839 1785 et
1896 1721 2295 1789 Thurstano

397 1817 818 1881 Eboracensi
871 1819 1430 1901 archiepiscopiS,
1477 1827 1547 1883 et
1592 1839 1749 1883 cum
1798 1821 2139 1903 episcopis
2196 1822 2295 1885 di-

393 1936 746 1980 versarum
778 1918 1289 1999 provinciarum
1323 1938 1607 1983 numero
1638 1934 1801 1995 xx„
1824 1927 1897 1984 et
1927 1921 2293 1985 abbatibus

393 2016 664 2080 circiter
717 2034 864 2093 XL„
919 2024 990 2081 et
1051 2036 1208 2081 cum
1274 2018 1635 2083 innumera
1694 2020 1861 2081 cleri
1920 2027 1992 2083 et
2054 2021 2297 2101 populi

392 2114 854 2181 multitudine.
962 2115 1140 2181 Sunt
1175 2123 1410 2183 autem
1445 2116 1595 2183 haec
1626 2118 1979 2199 capitula:

495 2314 808 2378 Panum
861 2314 1331 2380 cunnum.
1398 2314 1807 2379 Sanctorum
1846 2322 2125 2398 patrum
2173 2336 2297 2379 ve-

397 2414 620 2495 stigiis
671 2414 1114 2491 inhaerenteS,
1149 2434 1545 2497 quenquam
1576 2416 1648 2478 in
1680 2415 1969 2480 ecclesia
2013 2436 2137 2497 per
2171 2437 2293 2498 pe-

392 2512 665 2577 cuniam
741 2514 1045 2579 ordinari
1123 2515 1540 2579 auctoritate
1608 2515 1996 2597 apostolica
2058 2516 2290 2600 prohi—

393 2615 652 2678 bemus.

489 2731 566 2778 11.
616 2714 1108 2778 Interdicimus
1153 2715 1364 2778 etiam
1413 2722 1490 2778 ut
1542 2734 1671 2796 pro
1724 2715 2119 2792 chrismate,
2163 2736 2287 2798 pro

389 2813 562 2891 oleo,
609 2834 736 2895 pro
785 2815 1224 2896 baptismate,
1256 2833 1382 2895 pro
1423 2815 1859 2897 poenitentia,
1887 2835 2014 2896 pro
2050 2816 2289 2880 visita-

389 2913 570 2975 tione
611 2915 1036 2978 infirmorum
1081 2933 1206 2977 seu
1255 2915 1602 2990 unctione,
1649 2933 1775 2996 pro
1810 2916 2289 2980 communione

388 3015 695 3095 corporis
749 3013 1033 3088 Christi,
1084 3033 1211 3096 pro
1264 3013 1650 3094 sepultura,
1698 3014 1964 3080 nullum
2010 3016 2287 3078 omnino

384 3113 676 3193 pretium
710 3112 1054 3193 exigatur.

482 3229 586 3275 111.
646 3213 1034 3277 Statuimus
1067 3219 1426 3295 praeterea,
1461 3217 1531 3278 et
1566 3211 1951 3292 apostolica
1986 3214 2287 3276 auctori-

449 3400 466 3432 ¹
501 3403 751 3452 Johaunee
783 3403 842 3451 de
883 3402 1098 3465 Crema.]
1135 3401 1306 3450 Hove-
1359 3401 1677 3450 severissime
1700 3402 1765 3449 de
1786 3403 2031 3451 uxoribus
2055 3403 2289 3450 sacerdo-

377 3474 477 3522 den
497 3473 592 3521 has
627 3472 900 3533 preserved
935 3472 1020 3520 the
1043 3471 1305 3532 following
1359 3477 1464 3518 tum
1503 3476 1791 3528 tractasset,
1826 3472 2001 3520 dicens
2039 3487 2289 3521 summum

375 3543 620 3592 anecdote
645 3543 948 3602 concerning
961 3541 1062 3590 this
1078 3541 1307 3590 cardinal
1359 3542 1526 3589 scelus
1549 3555 1663 3590 esse
1686 3555 1718 3589 a
1746 3543 1903 3590 latere
1924 3543 2201 3592 meretricis
2223 3542 2289 3590 ad

375 3613 514 3662 John
564 3613 630 3660 de
677 3612 890 3668 Creme:
939 3611 1057 3658 ‘Ad
1103 3611 1306 3659 Pascha
1357 3625 1543 3672 corpus
1568 3611 1760 3659 Christi
1790 3613 2159 3662 conficiendum
2181 3603 2291 3660 sus·-

377 3697 494 3732 rero
515 3681 778 3732 Johannes
812 3681 1119 3738 cremensis,
1141 3681 1305 3729 cardi—
1359 3695 1494 3741 gere,
1555 3695 1671 3728 cum
1729 3682 1906 3728 eadem
1963 3682 2047 3729 die
2104 3696 2289 3742 corpus

374 3753 506 3800 nalis
530 3752 809 3811 Romanus,
830 3751 1095 3799 descendit
1124 3751 1176 3798 in
1199 3750 1303 3797 An·
1359 3749 1549 3799 Christi
1574 3749 1880 3812 confecissit,
1898 3765 2013 3798 cum
2028 3753 2288 3799 meretrice

375 3823 548 3883 gliam,
587 3821 1026 3882 perendinansque
1063 3833 1155 3880 per
1197 3819 1305 3880 epi·
1359 3825 1473 3880 post
1526 3833 1793 3880 vesperam
1838 3821 2148 3880 interceptus
2192 3825 2288 3869 est.

373 3897 616 3952 scopatus
659 3895 712 3940 et
755 3891 1004 3950 abbatiaS,
1055 3905 1155 3937 non
1199 3890 1305 3937 sine
1360 3890 1461 3937 Res
1483 3890 1806 3950 apertissima
1842 3889 2123 3936 Lundoniae
2146 3895 2291 3950 gesta

373 3962 570 4023 magnis
603 3960 919 4021 muneribus,
952 3961 1018 4007 ad
1054 3959 1302 4008 Nativita-
1358 3960 1533 4020 negari
1599 3974 1699 4006 non
1762 3959 1945 4019 potuit.
2050 3959 2288 4008 Summus

371 4035 472 4079 tem
528 4030 732 4078 Sanctae
791 4029 976 4077 Mariae
1031 4029 1307 4077 celebravit
1358 4029 1514 4077 honor
1558 4029 1702 4090 prius
1746 4029 1938 4089 ubique
1983 4027 2190 4077 habitus
2235 4029 2288 4076 in

373 4101 593 4149 solemne
617 4099 888 4148 concilium
923 4100 1064 4159 apud
1101 4099 1303 4148 Lundo-
1359 4113 1611 4146 summum
1666 4099 1891 4146 dedecus
1956 4112 2135 4146 versus
2192 4103 2287 4146 est.

371 4171 501 4231 nias,
524 4171 614 4218 ubi
650 4183 892 4230 magnum
925 4169 973 4216 ei
1008 4169 1197 4216 accidit
1229 4169 1302 4214 in-
1359 4167 1623 4216 Remeavit
1645 4168 1801 4228 igitur
1824 4170 1874 4215 in
1893 4181 2007 4230 sua,
2031 4168 2133 4216 Dei
2148 4168 2291 4230 jndi-

371 4239 662 4288 fortunium.
711 4238 843 4288 Cum
857 4239 991 4286 enim
1014 4239 1066 4286 iu
1089 4237 1304 4286 coneilio
1359 4239 1438 4286 cio
1459 4237 1703 4286 confusus
1728 4241 1779 4286 et
1802 4237 2142 4299 ingloriosus?

468 4355 639 4401 ΤΟΜ.
676 4353 751 4398 11.
1943 4354 1986 4398 G
