3107 5054
804 504 1190 552 rnonnwru
1241 502 1803 555 wmomussuffls.
2124 493 2254 559 121

345 664 596 748 grandi
642 664 1016 727 comitante
1068 664 1404 742 exercitu,
1453 663 1540 727 de
1598 664 2067 731 oxenefordia
2097 666 2246 731 Wi·
2276 688 2467 738 stophen

349 784 638 847 gornam
670 765 882 842 venit,
915 763 1115 848 cujus
1160 764 1246 828 de
1287 764 1667 829 infortunio
1707 766 1893 848 quod
1938 767 2251 832 audierat
2273 742 2529 830 &Sigan

349 864 567 930 oculis
603 864 778 931 vidit
833 870 904 928 et
953 863 1272 928 indoluit.
1386 864 1527 929 Ubi
1588 881 1695 929 111.
1741 866 1853 930 vel
1898 882 1963 929 v.
2008 867 2252 932 diebus

351 972 682 1041 moratuS,
751 964 927 1046 regii
985 960 1511 1029 constabulatus
1592 965 1919 1030 honorem
2000 966 2253 1032 Miloni

351 1064 871 1130 Glaocestrensi
917 1081 1044 1128 suo
1089 1063 1275 1128 hosti
1318 1064 1654 1142 ablatum,
1685 1065 2063 1144 Willelmo,
2110 1067 2252 1133 filio
2275 1084 2465 1125 wan-m
2485 1086 2539 1125 de

347 1165 651 1231 Walteri
683 1164 770 1228 de
806 1163 1005 1228 Bello
1037 1163 1328 1246 Campo,
1363 1163 1807 1246 wigornensi
1841 1167 2253 1245 vicecomiti,
2274 1136 2552 1275 33:2⁶3?

351 1266 558 1329 dedit.
667 1265 887 1329 Fama
929 1264 1209 1329 volante
1253 1264 1464 1346 regiae
1494 1264 1847 1349 majestati
1886 1267 2255 1332 nunciatur
2271 1238 2369 1277 ’ω’
2382 1248 2420 1277 ⁶'

347 1366 660 1429 inimicos
725 1384 916 1441 suOS,
951 1362 1211 1449 juratae
1274 1364 1546 1448 quidem
1615 1366 1808 1448 pacis
1852 1366 2251 1445 violatores,

354 1465 840 1531 Herefordiam
897 1465 1260 1542 invasisse,
1313 1466 1807 1530 monasterium
1864 1465 1934 1530 S.
1985 1468 2252 1533 AEthel-

349 1565 529 1630 berti
589 1565 775 1647 regis
839 1571 911 1629 et
978 1562 1351 1651 martyris‚¹
1423 1563 1615 1630 velut
1676 1566 1749 1629 in
1816 1567 2249 1632 castellinum

349 1666 697 1729 munimen
761 1663 1210 1747 penetrasse.²
1324 1664 1530 1730 Unde
1590 1684 1716 1730 rex
1780 1665 1903 1732 illo
1962 1684 2249 1733 movens

349 1765 887 1848 expeditionem,
949 1764 1136 1848 apud
1220 1784 1508 1847 parvam
1583 1765 2068 1830 Heresordiam
2138 1768 2251 1832 vel

348 1868 532 1949 apud
599 1865 851 1930 Leonis
911 1864 1441 1929 monasterium³
1499 1872 2037 1931 castrametatus
2097 1874 2243 1943 est;

350 1968 468 2032 ubi
519 1967 802 2050 quidam
865 1970 956 2029 ex
1018 1965 1334 2029 consulto
1386 1965 1536 2047 regi
1596 1965 1997 2030 fidelitatem
2053 1967 2251 2051 jura-

348 2073 638 2141 verunt3
696 2064 978 2150 quidam
1031 2072 1422 2143 renuentem,
1467 2066 1601 2129 hoc
1645 2067 1794 2148 regi
1837 2067 2245 2145 intulerunt,

349 2174 370 2201 ‘
392 2167 466 2231 Si
518 2186 654 2231 non
697 2165 1124 2250 juramento,
1167 2165 1407 2230 credat
1455 2185 1608 2242 rex,
1652 2166 1714 2229 si
1765 2166 1959 2245 velit,
2000 2166 2246 2232 saltem

349 2266 666 2331 fidelibus
711 2266 938 2332 verbis
999 2265 1302 2329 nostris?
1408 2264 1758 2343 Quoniam
1803 2285 1967 2330 vero
2026 2267 2244 2331 insta-

344 2369 516 2431 bant
550 2366 868 2431 solennes
903 2366 1050 2429 dies
1086 2364 1435 2430 Dominici
1469 2363 1841 2430 Adventus
1888 2365 1963 2448 [3
2008 2366 2245 2449 Dec.]‚

348 2469 672 2553 utrinque
701 2466 966 2532 dextris
995 2465 1177 2530 datis
1209 2465 1298 2530 ad
1341 2471 1640 2549 tempus,
1670 2485 1796 2531 rex
1835 2465 2246 2550 Wigornam

349 2568 571 2645 rediit,
607 2568 727 2633 ubi
771 2566 1047 2652 quidam
1084 2559 1400 2644 clericus,
1435 2569 1540 2631 vir
1566 2559 1841 2632 eximiae
1871 2568 2246 2650 religioniS,
2270 2606 2463 2647 Mum„

352 2669 734 2732 Mauricius
784 2663 1081 2744 nomine,
1135 2667 1396 2731 electus
1442 2685 1486 2730 a
1538 2667 1726 2732 clero
1780 2675 1853 2732 et
1900 2687 1943 2732 a
1988 2670 2247 2752 populo
2266 2658 2516 2758 3032212333

348 2768 828 2851 Bangornensi
885 2767 1218 2845 ecclesiae,
1275 2767 1769 2832 comitantibus
1822 2768 2018 2832 illum
2070 2789 2250 2852 prae-

344 2867 612 2933 sulibus
667 2869 1012 2934 Rotberto
1070 2865 1569 2931 Herefordensi
1622 2875 1695 2934 et
1741 2867 2082 2950 sigefrido
2132 2869 2251 2934 ci-

345 2971 704 3046 cestrensi,
733 2970 805 3032 in
852 2967 1140 3032 castello
1185 2967 1335 3050 regi
1381 2975 1868 3048 praesentatur,
1906 2976 2249 3034 attestan-

344 3070 530 3133 tibus
599 3068 794 3134 illum
861 3067 1192 3132 canonice
1260 3067 1558 3136 electum
1636 3069 2020 3152 praesulatu
2100 3069 2247 3134 fore

346 3169 654 3252 dignum.
763 3168 967 3248 Quod
1013 3175 1084 3232 et
1118 3186 1246 3231 rex
1298 3169 1659 3232 concessit.
1769 3167 2160 3233 Persuasus
2204 3189 2248 3234 a

343 3269 787 3352 pontificibus
816 3276 896 3335 ut
930 3269 1079 3350 regi
1105 3256 1510 3332 fidelitatem
1551 3267 1838 3345 faceret,
1870 3263 2247 3349 respondit,

345 3369 474 3435 hoc
527 3390 604 3435 se
661 3368 1059 3433 nullatenus
1107 3385 1315 3450 posse
1371 3365 1619 3432 facere.
1726 3373 1746 3403 ‘
1768 3365 1950 3444 Vir,’
1994 3367 2247 3450 inquit,

343 3477 364 3506 ⁶
392 3489 664 3552 magnae
694 3468 1046 3552 religionis
1097 3467 1282 3551 apud
1329 3486 1456 3531 nos
1506 3476 1637 3545 est,
1674 3487 1879 3550 quem
1925 3487 2053 3552 pro
2104 3468 2248 3551 spi-

340 3571 575 3636 rituali
624 3577 823 3653 patre
868 3575 1092 3646 teneo,
1139 3576 1208 3632 et
1251 3567 1783 3651 praedecessoris
1832 3569 1963 3634 mei
2014 3568 2248 3634 David

413 3799 427 3830 ¹
461 3801 749 3866 Martyris.]
784 3801 945 3850 Immo
959 3803 1149 3850 sanctae
1167 3797 1271 3847 Dei
1324 3797 1550 3846 fidelium
1584 3811 1797 3858 corpora
1829 3794 2104 3844 crudeliter
2130 3793 2253 3841 effo-

341 3874 600 3936 genitricis
623 3872 830 3922 Mariae.
863 3873 998 3921 ΔΜ.
1020 3869 1140 3921 edit.
1323 3867 1479 3918 disse.
1588 3867 1725 3915 Hinc
1756 3866 1984 3928 ejusdem
2020 3863 2253 3912 ecclesias

1322 3937 1550 3998 pontifex
1571 3936 1876 3985 venerabilis
1898 3933 2131 3983 turbatur
2154 3933 2256 3982 Ro·

411 4011 431 4041 ²
460 4013 792 4076 Penetrasse]
816 4012 1016 4073 Agente
1033 4007 1272 4060 Galfrido
1322 4008 1515 4068 bertus,
1536 4007 1773 4056 turbatur
1794 4009 1845 4054 et
1867 4005 2034 4054 clerus
2056 4004 2257 4051 univer-

341 4085 404 4134 de
464 4083 702 4146 Telebot,
770 4083 1026 4145 ingressos
1089 4079 1271 4141 fuisse,
1325 4093 1432 4138 sus,
1455 4079 1690 4126 turbatur
1712 4091 1913 4138 quoque
1938 4089 2048 4124 rex.
2120 4072 2255 4122 Aua.

339 4169 602 4218 equosque
639 4166 760 4202 suos
793 4153 847 4200 in
882 4153 999 4213 ipsa
1033 4150 1273 4211 ecclesia,
1323 4148 1443 4197 edit.

336 4227 484 4288 quasi
505 4226 561 4274 in
595 4223 818 4285 stabulo,
839 4223 1135 4281 collocasse,
1157 4233 1272 4280 per-
1396 4217 1417 4247 ³
1451 4217 1630 4266 Leonis
1674 4214 2053 4280 monasterium]
2126 4214 2256 4264 Leo-

333 4311 431 4358 que
453 4294 793 4346 coemiterium
817 4292 956 4344 fossa
976 4291 1274 4342 transducta
1323 4288 1547 4337 minster.
