3107 5054
829 495 1219 542 rmum-cru
1275 495 1839 546 wlconnmnsls.
2152 487 2283 550 2¹77

375 647 677 732 ditisque
758 652 1140 716 rationibus
1211 661 1282 718 et
1353 655 1668 719 articulis
1741 675 1786 720 a
1860 657 2063 721 dictis
2118 674 2277 722 'car-

371 747 715 814 dinalibus
747 754 820 815 in
851 752 1075 816 medio
1105 754 1501 836 propositis,
1532 755 1851 820 dominus
1878 777 2031 834 reX,
2067 777 2279 840 super

373 851 747 928 praemissis
781 852 1021 916 volens
1054 853 1413 917 consulere
1447 861 1517 918 et
1552 855 1954 934 deliberare,
1986 877 2271 939 respon-

373 948 636 1012 sionem
692 970 890 1014 suam
954 971 1175 1034 usque
1241 954 1314 1016 in
1379 955 1659 1018 tertium
1723 954 1903 1018 diem
1959 956 2269 1038 distulit;

371 1045 747 1132 habitaque
769 1051 1257 1117 deliberatione
1278 1060 1350 1116 et
1379 1053 1663 1118 consilio
1684 1073 1843 1118 cum
1874 1057 2272 1138 proceribus

370 1153 440 1208 et
531 1150 978 1213 ecclesiarum
1059 1151 1390 1234 praelatis,
1486 1152 1601 1217 die
1691 1161 1984 1232 statuto,
2066 1155 2269 1220 dictis

371 1246 836 1313 cardinalibus
894 1257 966 1314 et
1021 1252 1418 1332 proceribus
1480 1253 1571 1316 ad
1629 1253 2136 1335 parlamentum
2196 1257 2269 1319 in

369 1365 581 1410 unum
654 1350 1245 1428 convenientibuS,
1318 1352 1673 1433 respondit
1748 1353 2063 1417 dominus
2142 1375 2270 1419 rex

369 1465 498 1526 pro
528 1466 604 1511 se
643 1455 714 1512 et
742 1469 870 1531 pro
899 1469 1115 1532 regno
1151 1470 1280 1515 suo
1307 1471 1324 1514 ε
1383 1451 1494 1516 Ob
1524 1453 1980 1517 reverentiam
2011 1453 2271 1518 domini

371 1564 590 1628 papae,
644 1549 842 1612 salvo
879 1549 1042 1632 jure
1080 1569 1208 1614 suo
1259 1558 1330 1614 et
1377 1552 1573 1633 regni
1627 1552 1761 1629 sui,
1804 1553 1988 1617 bono
2038 1554 2269 1619 animo

369 1663 638 1724 guerrae
687 1667 834 1712 suae
876 1649 1055 1712 velle
1103 1650 1532 1726 renunciare,
1586 1658 1655 1715 et
1706 1651 2019 1733 pristinae
2075 1654 2267 1736 pacis

370 1753 440 1808 et
499 1747 886 1812 concordiae
939 1748 1205 1812 foedera
1252 1749 1547 1813 fideliter
1605 1751 2000 1829 observare,
2052 1753 2267 1816 salvis

370 1863 644 1910 coronae
695 1867 841 1911 suae
896 1848 1236 1929 dignitate
1287 1856 1358 1912 et
1407 1849 1603 1930 regni
1656 1849 1765 1913 sui
1815 1849 1998 1932 jure.
2102 1850 2265 1929 Quo

369 1953 677 2026 accepto,
715 1947 882 2011 dicti
925 1948 1308 2012 cardinales
1353 1949 1440 2012 ad
1486 1956 1723 2030 partes
1766 1949 2263 2014 transmarinas

368 2043 696 2109 festinare
777 2046 1292 2130 disposuerunt,
1365 2065 1577 2130 super
1643 2049 2020 2129 praemissis
2106 2069 2263 2114 cum

367 2162 532 2225 rege
601 2145 916 2209 Franciae
985 2148 1370 2211 tractaturi.
1501 2147 1845 2211 Dominus
1920 2148 2265 2213 Ricardus

368 2242 454 2305 de
539 2244 850 2310 London.
927 2247 1143 2310 abbas
1237 2243 1476 2310 istius¹
1567 2246 1727 2323 loci,
1812 2248 1883 2310 in
1964 2247 2267 2312 crastino

367 2341 882 2427 Assumptionis
916 2345 1002 2409 B.
1029 2345 1341 2427 Virginis
1373 2345 1492 2428 [16
1523 2344 1774 2428 Aug.],
1806 2347 1986 2410 diem
2015 2347 2267 2412 clausit

366 2451 799 2524 extremum3
877 2445 990 2509 cui
1056 2446 1389 2510 successit
1473 2446 1793 2510 dominus
1872 2445 2267 2510 Willelmus

366 2543 451 2606 de
512 2543 916 2622 wodeford,
974 2552 1137 2610 tunc
1199 2546 1495 2610 sacrista
1560 2545 1798 2612 istius¹
1861 2546 2020 2611 loci.
2127 2546 2266 2626 Qui

363 2642 478 2706 die
509 2644 1008 2709 Decollationis
1039 2644 1108 2708 S.
1145 2644 1192 2709 J
1196 2644 1488 2709 ohannis
1517 2645 1856 2728 Baptistae
1890 2646 2012 2727 [29
2041 2647 2263 2729 Aug.]

363 2742 645 2819 electuS,
724 2744 1226 2826 possessionem
1299 2746 1607 2809 baroniae
1685 2746 1987 2809 obtinuit
2058 2755 2264 2811 sexto

365 2842 673 2907 decimo²
738 2845 849 2907 die
912 2851 1072 2907 ante
1141 2843 1395 2907 festum
1461 2844 1529 2908 S.
1568 2844 1958 2921 MichaeliS,
2028 2851 2098 2909 et
2158 2846 2262 2909 in-

359 2962 640 3023 gressus
719 2963 885 3007 suos
973 2944 1134 3007 fecit
1223 2945 1396 3007 satis
1474 2944 1871 3009 solemniter
1946 2945 2017 3008 in
2082 2944 2261 3010 festo

363 3042 690 3106 Omnium
717 3042 1130 3106 Sanctorum
1165 3043 1240 3123 [1
1277 3042 1520 3125 Nov.].
1627 3044 1720 3107 Et
1751 3042 1913 3126 quia
1942 3044 2013 3107 in
2039 3047 2257 3109 omni·-

357 3143 488 3205 bus
519 3143 804 3225 agendis
855 3143 999 3206 suis
1050 3161 1320 3224 semper
1362 3144 1710 3221 gratiosus
1740 3143 1893 3219 fuit,
1934 3144 2005 3205 in
2049 3163 2255 3208 vaca-

359 3241 544 3305 tione
609 3242 960 3305 dominum
1013 3262 1245 3323 regem
1301 3250 1373 3305 et
1435 3248 1799 3306 exactores
1858 3260 2023 3305 suos
2084 3244 2257 3306 satis

353 3342 702 3421 gratiosos
735 3342 974 3406 habuit
1005 3350 1072 3405 et
1105 3341 1443 3406 curiales:
1493 3349 1563 3405 et
1599 3349 1705 3404 est
1738 3341 2253 3405 memorandum

352 3441 537 3521 quod
603 3442 689 3505 ad
769 3442 952 3505 bona
1029 3440 1677 3505 obedientiariorum
1746 3442 1815 3505 in
1896 3442 2256 3505 vacatione

351 3560 630 3603 manum
694 3560 888 3604 suam
955 3560 1092 3604 non
1159 3540 1638 3605 extenderunt.
1765 3540 1942 3605 Post
2003 3541 2252 3605 festum
2283 3564 2463 3603 nawa

2281 3614 2424 3663 vainly

349 3639 424 3703 S.
456 3639 778 3703 Edwardi
815 3640 892 3721 [5
919 3640 966 3704 J
971 3640 1120 3719 an.]
1156 3640 1475 3703 dominus
1509 3660 1635 3703 rex
1668 3659 1930 3704 moram
1978 3640 2255 3705 trahens
2282 3667 2483 3713 attempta
2502 3668 2549 3704 ιο

348 3738 747 3816 LondoniiS,
797 3740 1028 3803 citatis
1085 3739 1339 3802 ibidem
1392 3739 1793 3821 proceribus
1849 3737 2125 3820 Angliae
2184 3751 2254 3804 et
2280 3718 2551 3813 333me

346 3838 792 3902 ecclesiarum
828 3838 1158 3921 praelatis,
1175 3840 1555 3903 conabatur
1586 3837 1979 3901 omnimodo
2014 3845 2250 3901 extor-

345 3958 558 4020 quere
589 3958 633 4001 a
667 3938 851 4002 clero
887 3938 1325 4001 medietatem
1355 3939 1687 4001 bonorum
1724 3956 2029 4011 suorum,
2072 3938 2252 4002 sicut

343 4058 528 4101 anno
565 4037 1005 4119 praecedenti,
1035 4044 1106 4099 et
1143 4056 1186 4099 a
1235 4037 1494 4119 populo
1547 4036 1865 4099 similiter
1910 4044 1990 4099 ut
2036 4037 2246 4117 prius.

415 4195 427 4224 ¹
470 4198 666 4261 Istius]
704 4199 1022 4259 Apparently
1050 4214 1114 4246 an
1133 4212 1271 4247 error
1388 4194 1409 4226 ²
1445 4197 1690 4260 Decima]
1742 4197 1890 4245 From
1936 4199 2247 4259 conjecture.

336 4269 416 4317 for
437 4269 610 4329 hujus.-
649 4269 763 4317 scil.
784 4270 860 4318 St.
886 4265 1193 4319 Edmund'S.
1319 4267 1427 4317 The
1454 4268 1571 4317 MS.
1596 4267 1688 4315 has
1712 4268 1725 4294 ‘
1744 4262 1943 4328 septio.’
