3107 5054
833 503 922 568 24
1572 519 1995 568 cunculcon

835 673 1210 757 provinciae
1241 683 1442 758 erant
1471 695 1631 742 cum
1664 695 1850 758 rege.
1942 675 2265 756 Rogerus
2300 673 2532 738 fautor
2568 673 2744 738 Rot-

837 775 1019 841 berti
1049 782 1201 839 erat
1233 775 1305 838 in
1335 775 1627 842 castello
1658 795 1789 840 suo
1818 773 2230 850 Arundello,
2260 773 2533 836 comitis
2566 792 2743 855 prae·

839 872 1008 938 dicti
1049 875 1414 957 opperiens
1461 875 1861 939 adventum.
1964 872 2333 938 Gosfridus
2380 873 2747 954 episcopus

843 971 1418 1051 Constantiensis,
1489 975 1565 1038 in
1626 973 1917 1038 castello
1986 973 2421 1054 Brycstowa,
2478 971 2743 1036 socium

841 1073 1338 1156 conjurationis
1381 1081 1453 1138 et
1481 1072 1787 1155 perfidiae
1826 1071 2125 1136 habebat
2152 1089 2387 1134 secum
2426 1078 2743 1152 nepotem

841 1189 1043 1234 suum
1101 1171 1520 1238 Rotbertum
1582 1171 1671 1235 de
1726 1170 2101 1247 Mulbraio,
2162 1170 2387 1235 virum
2452 1187 2745 1249 gnarum

841 1269 1133 1347 militiae,
1179 1272 1302 1352 qui
1350 1277 1779 1352 congregato
1820 1267 2133 1334 exercitu
2178 1269 2437 1332 invasit
2476 1267 2741 1331 Batho-

843 1368 1054 1444 niam,
1099 1368 1452 1433 civitatem
1497 1369 1787 1450 regiam,
1828 1387 2121 1450 eamque
2151 1367 2317 1449 igne
2360 1365 2743 1442 succendit,

845 1473 917 1530 et
939 1466 1064 1530 illa
1095 1467 1516 1549 depraedata,
1543 1467 1870 1532 transivit
1887 1467 1959 1530 in
1986 1465 2485 1542 Wiltusciram,
2504 1465 2744 1530 villas-

846 1583 982 1645 que
1029 1565 1482 1648 depopulans,
1533 1567 2051 1648 multorumque
2102 1564 2453 1630 hominum
2508 1570 2745 1644 strage

845 1662 1058 1738 facta,
1105 1665 1384 1730 tandem
1435 1665 1610 1730 adiit
1659 1661 2258 1739 Givelceastram)
2310 1661 2607 1739 obsedit,
2672 1670 2745 1726 et

847 1781 1254 1844 expugnare
1329 1764 1695 1847 disposuit.
1828 1763 2162 1844 Pugnant
2236 1762 2545 1828 exterius
2618 1780 2747 1842 spe

847 1863 1037 1942 capti
1066 1863 1322 1945 praedae
1351 1871 1423 1927 et
1451 1881 1687 1928 amore
1716 1862 2049 1936 victoriae,
2082 1867 2477 1944 repugnant
2502 1861 2747 1924 intrin-

846 1977 1051 2024 secus
1079 1962 1332 2026 acriter
1363 1980 1490 2043 pro
1531 1981 1613 2026 se
1638 1979 2060 2042 suorumque
2090 1960 2337 2024 salute.
2438 1958 2749 2022 Tandem

848 2057 1030 2122 inter
1057 2065 1431 2142 utrumque
1462 2059 1897 2124 necessitatis
1927 2059 2096 2124 vicit
2124 2077 2381 2138 causa;
2428 2058 2749 2142 repulsus

849 2163 922 2220 et
993 2157 1212 2222 tristis
1287 2159 1548 2224 recedit
1613 2158 1997 2224 Rotbertus
2053 2159 2370 2239 privatus
2430 2157 2747 2224 victoria.

847 2255 1244 2322 Willelmus
1275 2259 1360 2322 de
1394 2256 1600 2322 Owe²
1636 2255 2207 2321 Glawornensem
2239 2255 2512 2320 invadit
2540 2256 2745 2319 comi·

849 2361 1098 2431 tatum,
1129 2339 1394 2436 regiani
1430 2356 1669 2419 villam
1712 2355 2153 2438 depraedatur
2199 2352 2753 2430 Beorchelaum‚⁸

847 2471 974 2535 per
1051 2461 1272 2518 totam
1331 2454 1512 2518 ferro
1573 2463 1645 2519 et
1721 2453 2001 2517 flamma
2064 2453 2330 2535 grande
2395 2460 2751 2537 perpetrat

846 2552 1128 2617 malum.
1232 2554 1420 2617 Dum
1455 2559 1692 2617 autem
1726 2553 1876 2617 haec
1910 2554 2179 2619 interim
2216 2554 2753 2635 circumquaque

848 2657 1336 2733 perpetrantur
1347 2653 1557 2729 mala,
1575 2652 2021 2717 Beornardus
2042 2652 2129 2717 de
2154 2651 2365 2717 Novo
2378 2649 2752 2728 Mercatu,⁴

851 2748 1200 2830 Rogerius
1235 2752 1320 2815 de
1367 2750 1653 2829 Laceio,‘
1693 2752 1813 2834 qui
1849 2750 2000 2836 jam
2034 2772 2243 2834 super
2277 2770 2512 2832 regem
2554 2751 2752 2815 inva-

847 2856 1037 2913 serat
1103 2848 1591 2929 Herefordam,
1646 2849 1963 2915 Rawlfus
2020 2852 2107 2916 de
2166 2851 2452 2917 Mortuo
2514 2846 2753 2928 Mau-if*

849 2947 1348 3031 conjurationis
1379 2950 1573 3027 socii,
1594 2967 1753 3013 cum
1778 2947 2169 3014 hominibus
2190 2951 2459 3015 comitis
2490 2948 2752 3030 Rogeri

852 3044 939 3107 de
979 3045 1544 3131 Scrobbesbyria,
1592 3053 2015 3128 congregato
2052 3067 2305 3129 magno
2342 3046 2753 3129 Anglorum,

853 3142 926 3207 N
929 3163 1438 3224 ormannorum,
1486 3153 1558 3211 et
1606 3146 2039 3212 walensium
2092 3146 2428 3222 exercitu,
2472 3147 2750 3227 Wigor·

853 3262 1134 3309 nensem
1183 3247 1582 3328 irruperunt
1626 3248 1697 3310 in
1732 3245 2183 3328 provinciam,
2217 3243 2637 3312 affirmantes
2674 3264 2751 3311 se

850 3341 1016 3423 igne
1043 3353 1469 3410 crematuros
1511 3346 1736 3426 ipsam
1764 3344 2117 3409 civitatem
2147 3344 2751 3425 Wigrecea'stram‚

851 3441 1275 3521 spoliaturos
1320 3444 1456 3507 Dei
1487 3452 1559 3507 et
1606 3443 1677 3507 S.
1715 3442 1965 3508 Mariae
2000 3443 2385 3520 ecclesiam,
2419 3443 2749 3525 grandem

845 3538 938 3601 de
995 3541 1183 3620 regis
1234 3541 1480 3604 incolis
1539 3540 1857 3605 fidelibus
1908 3550 2307 3624 sumpturos
2355 3542 2748 3607 vindictam.

525 3648 826 3738 Bpwgtgfstnn
855 3636 992 3699 His
1057 3637 1337 3715 auditis„
1391 3639 1496 3703 vir
1547 3658 1819 3720 magnae
1880 3641 2159 3722 pietatis
2216 3647 2287 3705 et
2344 3641 2749 3705 columbinae

520 3708 752 3839 Ξξξὶξξυῖ
845 3736 1337 3819 simplicitatiS,
1403 3738 1557 3803 Deo
1609 3738 2005 3821 populoque
2068 3758 2274 3821 quem
2337 3742 2629 3821 regebat
2682 3740 2752 3803 in

850 3837 1174 3901 omnibus
1223 3837 1569 3914 amabiliS,
1616 3840 1789 3918 regi,
1836 3845 1916 3903 ut
1970 3844 2247 3903 terreno
2294 3838 2597 3915 domino,
2634 3858 2754 3923 per

925 4050 940 4079 ¹
979 4048 1403 4122 Givelceastram]
1441 4056 1706 4105 Ilchester.
1898 4052 1917 4081 ⁴
1948 4054 2029 4103 De
2047 4051 2469 4124 NovoMer-catu]
2496 4056 2580 4105 De
2599 4058 2758 4105 Ναπ-

919 4150 944 4183 2
981 4155 1140 4217 owe‘]
1175 4155 1276 4205 Eu‘
1824 4123 2015 4242 mffirsslg
2030 4194 2227 4243 Mortuo
2245 4195 2429 4258 Mari]
2465 4196 2550 4245 De
2572 4196 2757 4245 Morti-

923 4249 945 4281 ³
976 4254 1366 4318 flammam]
1405 4256 1680 4319 Berkeley.
1822 4274 1948 4311 mer.
