3107 5054
613 1412 660 1442 en
675 1404 722 1440 to

599 1452 737 1494 xford.

565 2803 734 2842 Statute

563 2854 802 2902 renpecting

565 2903 718 2942 cutles
737 2904 818 2942 and

563 2954 798 2993 fontenet.

563 3602 733 3641 Arrlval
748 3602 797 3640 or

563 3652 788 3692 Mathlldn.

874 507 1004 572 116
1385 521 1883 570 conrmumio
1930 519 2279 570 cnnomm

875 697 996 743 sus
1053 677 1512 744 Lundoniam.
1618 676 1913 742 Minime
1964 684 2330 761 parcentes
2380 677 2785 742 execrandae

877 779 1168 855 militiae,
1229 777 1589 860 arroganti
1634 779 2047 842 strenuitate
2106 778 2587 860 compellente,
2630 777 2783 859 qui-

876 880 1036 943 dam
1074 876 1362 941 militum
1397 877 1766 941 condixere
1801 878 1986 962 apud
2013 877 2386 942 Ludelawe
2420 878 2599 942 vires
2630 896 2787 959 pro-

878 980 1065 1043 bare.
1175 977 1262 1041 In
1322 976 1454 1041 hoc
1505 997 1682 1059 opus
1736 977 2253 1061 perficiendum,
2300 998 2440 1043 non
2478 977 2787 1041 modicus

883 1077 1232 1144 exercitus
1291 1076 1589 1141 militum
1644 1077 1994 1142 confluere
2053 1078 2289 1161 coepit.
2395 1077 2583 1143 Vere
2632 1084 2787 1141 erat

886 1179 1161 1243 miseria
1199 1177 1639 1254 videre,dnm
1667 1179 1824 1260 quis
1854 1179 1927 1242 in
1957 1178 2170 1242 alium
2205 1177 2471 1243 hastam
2508 1179 2788 1243 vibrans

885 1279 1132 1342 lancea
1191 1276 1600 1362 perforaret,
1660 1285 1753 1355 et,
1813 1278 2141 1360 ignorans
2205 1277 2389 1362 quod
2450 1277 2787 1363 judicium

889 1380 1176 1461 spiritus
1209 1377 1490 1453 subiret,
1524 1379 1732 1442 morti
1779 1378 2107 1444 traderet.
2210 1377 2311 1442 At
2355 1397 2479 1442 rex
2527 1376 2787 1459 Anglo-

887 1498 1039 1542 rum
1085 1476 1478 1559 Stephanus
1524 1476 1695 1542 talia
1730 1477 2092 1543 molientes
2136 1479 2337 1542 minis
2389 1479 2690 1555 territat,
2720 1484 2791 1541 et

891 1577 1262 1642 Ludelawe
1326 1596 1451 1660 per
1509 1576 1941 1660 Wigorniam
2004 1578 2233 1643 denuo
2292 1578 2663 1654 divertens,
2721 1579 2791 1640 in

888 1678 1082 1761 pacis
1143 1676 1593 1742 contubernio
1659 1678 1891 1742 omnia
1952 1678 2177 1755 sedat,
2232 1686 2304 1742 et
2363 1679 2435 1742 in
2497 1677 2788 1761 pacifica

889 1777 1256 1842 alacritate
1315 1777 1878 1855 Oxenefordiam,
1928 1778 1996 1842 id
2055 1785 2162 1843 est
2214 1778 2440 1843 Boum
2480 1777 2786 1855 Vadum,

889 1879 1088 1962 petit.
1168 1876 1328 1956 Quo
1359 1877 1524 1941 dum
1553 1881 1962 1955 moraretur,
1981 1879 2307 1960 exigente
2338 1877 2787 1943 dissensionis

889 1997 1127 2054 causa,
1179 1976 1558 2060 Rogerium
1624 1978 2220 2062 Saresbyriensem
2278 1979 2672 2063 praesulem,
2719 1985 2789 2042 et

890 2083 1209 2160 nepotem
1245 2078 1398 2161 ejus
1435 2078 1937 2142 Lincoliensem
1968 2078 2371 2156 antistitem,
2404 2079 2785 2161 Rogerium

891 2197 1190 2260 quoque,
1221 2195 1422 2242 suum
1463 2178 1977 2255 cancellarium,
2010 2179 2210 2262 quasi
2258 2179 2470 2261 regiae
2516 2197 2787 2243 coronae

891 2278 1351 2353 insidiatoreS,
1375 2279 1583 2360 cepit,
1613 2288 1684 2344 et
1719 2279 2053 2345 custodiae
2077 2278 2523 2362 mancipavit.
2628 2278 2787 2357 Quo

889 2379 1195 2460 cognito,
1242 2377 1536 2442 Eliensis
1574 2379 1830 2461 praesul
1872 2379 2218 2461 Nigellus,
2253 2380 2501 2443 timens
2545 2377 2677 2443 sib'i
2720 2385 2790 2442 et

891 2477 1058 2554 suis,
1089 2497 1297 2542 manu
1341 2478 1621 2543 militari
1673 2479 1759 2543 ad
1806 2479 2088 2545 Divisas
2132 2479 2335 2562 fugit,
2368 2485 2449 2545 nt
2488 2479 2586 2545 ibi
2629 2498 2787 2562 pro-

892 2584 1265 2659 tegeretur,
1341 2597 1631 2661 quorum
1696 2600 1910 2645 causa
1964 2580 2244 2665 scriptis
2306 2582 2625 2664 superius
2684 2587 2790 2645 est

892 2678 1104 2741 latius
1156 2678 1544 2762 propalata,
1602 2700 1759 2762 quae
1816 2688 2046 2745 tamen
2094 2680 2227 2745 hoc
2274 2700 2457 2745 anno
2515 2686 2789 2746 constat

893 2774 1234 2843 actitata.¹
1317 2778 1588 2845 Habito
1619 2781 2062 2863 postmodum
2091 2781 2411 2857 concilio,
2444 2786 2785 2845 statutum

894 2884 1002 2941 est
1033 2886 1112 2941 ut
1143 2878 1374 2942 omnia
1403 2897 1526 2961 per
1553 2878 1884 2961 Angliam
1914 2881 2193 2964 oppida,
2230 2880 2544 2957 castella,
2566 2880 2789 2944 muni-

892 2976 1116 3041 tiones
1152 2997 1470 3059 quaeque,
1505 2980 1579 3043 in
1633 2982 1884 3062 quibus
1939 2980 2278 3045 secularia
2321 2980 2549 3045 solent
2592 3000 2789 3045 exer-

892 3075 1033 3140 ceri
1111 3080 1411 3159 negotia‚
1473 3080 1659 3161 regis
1726 3087 1797 3144 et
1873 3082 2211 3145 baronum
2298 3100 2580 3145 suorum
2646 3079 2788 3164 juri

893 3176 1183 3257 cedant3
1231 3179 1685 3244 ecclesiastici
1713 3200 1877 3245 vero
1912 3181 2069 3258 viri,
2107 3180 2425 3245 videlicet
2464 3180 2787 3263 episcopi,

892 3295 1103 3343 canes
1153 3278 1436 3361 inquam
1485 3280 1729 3358 divini,
1769 3281 1838 3345 in
1885 3281 2182 3345 salutem
2226 3287 2297 3345 et
2341 3281 2413 3344 in
2450 3280 2791 3344 defensio·

893 3382 1048 3441 nem
1082 3379 1315 3443 ovium
1350 3399 1632 3444 suarum
1679 3382 1935 3445 latrare
1967 3400 2105 3445 non
2140 3387 2436 3458 cessent,
2467 3400 2553 3444 ne
2587 3379 2791 3463 lupus

889 3476 1282 3555 invisibiliS,
1359 3480 1703 3561 malignus
1786 3480 2049 3545 scilicet
2118 3476 2362 3557 hostis,
2435 3480 2663 3563 rapiat
2724 3487 2793 3543 et

891 3573 1246 3657 dispergat
1292 3597 1485 3654 oves,
1517 3580 1797 3644 omnino
1841 3578 2192 3646 caveant.³
2296 3580 2540 3645 Mense
2578 3580 2787 3645 Octo-

890 3674 994 3737 bri
1038 3694 1269 3739 comes
1310 3676 1796 3757 Glaocestriae,
1831 3680 2149 3746 Heinrici
2206 3680 2553 3763 quondam
2607 3678 2791 3761 regis

890 3772 1278 3856 Anglorum
1333 3777 1542 3856 filius,
1574 3780 1694 3843 sed
1738 3781 2136 3858 bastarduS,
2172 3800 2329 3844 cum
2370 3800 2608 3844 sorore
2642 3798 2791 3856 sua,

889 3875 1010 3940 sed
1060 3896 1149 3940 ex
1206 3886 1424 3958 patre,
1477 3879 1735 3944 dudum
1791 3881 2272 3945 Romanorum
2335 3880 2795 3963 imperatrice,

886 3994 1070 4039 nunc
1100 3975 1595 4059 Andegavensi
1622 3982 2002 4058 comitissa,
2026 3999 2185 4044 cum
2208 3980 2459 4063 grandi
2483 3981 2796 4045 exercitu

959 4205 971 4235 ι
1013 4210 1230 4265 Qmm
1255 4247 1270 4261 .
1289 4246 1304 4261 .
1331 4247 1344 4262 ·
1367 4249 1378 4262 .
1398 4214 1647 4277 aemam]
1683 4216 1819 4265 AM·
1940 4179 1961 4209 ²
1996 4182 2252 4245 Cumana]
2276 4183 2341 4231 In
2355 4182 2609 4243 spirituali
2630 4196 2801 4245 pugna

881 4278 1004 4328 edit.
1049 4280 1114 4328 C.
1137 4280 1275 4331 omit.
1345 4283 1443 4331 See
1466 4299 1522 4345 p.
1547 4289 1663 4347 10⁷,
1686 4301 1785 4349 seq.
1871 4253 2119 4300 auxilium
2157 4253 2286 4335 ‚Regi
2323 4268 2500 4337 fessum
2539 4254 2800 4314 ΡιΊὸῑΞὺθιὶιιι

1871 4327 2299 4373 remunerationes
2320 4322 2443 4372 illis.
2482 4324 2540 4371 C.
2562 4324 2678 4373 add.
