3107 5054
858 435 991 500 260
1365 447 1864 498 commum-to
1907 447 2002 496 cn
2015 447 2260 496 nomm

864 609 1067 674 nobis
1101 614 1173 672 et
1206 607 1594 672 haeredibus
1623 607 1882 670 nostris
1946 614 2194 672 contra
2241 598 2761 671 concessionem

870 717 941 773 et
986 707 1389 790 praedictam
1417 707 1946 788 promissionem
1975 706 2248 770 nullum
2274 705 2616 769 auxilium
2652 703 2766 766 vel

870 808 1233 872 consilium
1286 805 1708 889 impendent,
1735 825 1864 870 nec
1906 806 1996 870 ab
2041 806 2197 870 aliis
2230 825 2358 888 pro
2392 823 2602 887 posse
2637 793 2766 866 suo

870 906 1176 990 impendi
1223 906 1664 989 permittent3
1709 906 1920 969 immo
1948 907 2134 968 bona
2169 904 2304 968 fide
2349 903 2768 968 laborabunt

875 1027 1045 1089 erga
1098 1025 1225 1070 nos
1278 1012 1349 1070 et
1401 1003 1708 1069 haeredes
1761 1013 2040 1068 nostros
2083 1005 2276 1086 quod
2311 1003 2550 1068 omnia
2593 1021 2768 1083 prae-

875 1106 1065 1171 di'cta
1112 1125 1157 1169 a
1210 1105 1409 1170 nobis
1463 1110 1536 1168 et
1580 1103 1968 1168 haeredibus
2022 1105 2306 1180 nostris,
2371 1121 2643 1167 necnon
2679 1101 2767 1163 ab

876 1205 1049 1289 ipsis
1078 1213 1151 1270 et
1180 1205 1267 1268 ab
1298 1223 1536 1269 eorum
1586 1203 1998 1280 haeredibus,
2045 1201 2336 1267 firmiter
2361 1209 2438 1266 et
2471 1200 2771 1265 fideliter

880 1307 1334 1370 observentur
1360 1303 1435 1366 in
1468 1309 1897 1386 perpetuum.
1958 1302 2045 1366 In
2075 1301 2190 1384 cuj
2201 1320 2282 1366 us
2313 1301 2415 1366 rei
2452 1300 2769 1364 testimo-

880 1405 1093 1479 nium,
1130 1411 1272 1468 tam
1302 1421 1429 1467 nos
1458 1420 1666 1484 quam
1699 1402 2000 1484 praelati,
2027 1403 2340 1478 comiteS,
2372 1407 2446 1464 et
2472 1401 2768 1464 barones

879 1502 1124 1578 nostri,
1175 1520 1480 1584 praesens
1535 1502 1872 1584 scriptum
1929 1501 2314 1583 sigillorum
2374 1505 2770 1564 nostrorum

882 1601 1319 1682 appositione
1375 1600 1898 1665 roboravimus:
1948 1595 2246 1664 testibus
2301 1595 2671 1664 'comitibus
2702 1605 2772 1662 et

882 1700 1250 1766 baronibus
1282 1699 1602 1782 superius
1633 1699 2027 1776 nominatis,
2079 1718 2264 1764 anno
2297 1699 2493 1780 regni
2529 1699 2775 1773 nostri,

884 1809 955 1865 et
980 1808 1132 1864 caet.
2765 1815 2772 1824 ‘

558 1916 703 1955 mm
718 1913 767 1952 or
986 1898 1434 1963 Sanctissimo
1482 1898 1555 1960 in
1612 1897 1892 1963 Christo
1955 1898 2140 1980 patri
2199 1897 2246 1963 J
2253 1946 2298 1976 .,
2349 1897 2486 1961 Dei
2541 1897 2776 1977 gratia

560 1965 834 2064 ffiffxffife-
886 2003 1155 2062 summo
1210 1996 1541 2077 pontifici,
1587 1994 2007 2072 Alexander,
2056 1997 2296 2061 eadem
2355 1997 2588 2078 gratia
2649 2015 2772 2059 rex

892 2097 1171 2174 Scotiae,
1204 2115 1433 2160 comes
1485 2095 1859 2173 Patricius,
1914 2115 2146 2160 comes
2201 2097 2290 2160 de
2341 2095 2774 2171 Stratherne,

888 2198 1208 2273 salutem,
1264 2203 1334 2260 et
1368 2195 1672 2259 debitam
1725 2204 1881 2259 cum
1929 2196 2116 2259 omni
2166 2196 2426 2261 honore
2454 2214 2778 2260 reveren-

889 2298 1082 2362 tiam.
1186 2294 1558 2360 Sanctitati
1585 2303 1837 2360 vestrae
1868 2294 2338 2376 significamus
2379 2314 2508 2358 nos
2539 2315 2778 2358 sacra-

892 2402 1195 2459 mentum
1250 2393 1704 2476 corporaliter
1751 2395 2158 2475 praestitisse
2202 2414 2434 2481 coram
2493 2414 2777 2458 venera-

890 2494 1012 2559 bili
1051 2501 1248 2576 patre
1305 2492 1417 2570 0.,
1478 2493 1717 2558 Sancti
1774 2492 2772 2560 Nicholai-in-Carcere-Tull.

892 2594 1184 2658 diacono
1214 2593 1576 2669 cardinali,
1611 2594 1682 2657 in
1719 2593 2002 2675 Anglia,
2035 2594 2296 2670 Scotia,
2329 2601 2400 2657 et
2433 2594 2778 2659 Hibernia

896 2701 1064 2758 tunc
1106 2694 1510 2776 apostolicae
1553 2693 1740 2757 sedis
1785 2694 2042 2774 legato,
2097 2692 2232 2780 [et]
2281 2694 2458 2757 hanc
2509 2701 2776 2757 cartam·

894 2800 1201 2859 nostram
1222 2793 1484 2868 fecisse,
1513 2810 1669 2873 quae
1692 2793 1796 2856 ita
1813 2794 2063 2874 coepit:
2098 2800 2118 2829 ‘
2140 2794 2377 2858 Sciant
2397 2801 2778 2875 praesentes

896 2899 965 2955 et
994 2891 1230 2967 futuri,
1262 2890 1445 2973 quod
1497 2893 1599 2955 ita
1659 2893 1980 2956 convenit
2005 2892 2074 2955 in
2108 2894 2480 2975 praesentia
2515 2893 2777 2956 domini

897 2989 985 3055 Ο.
1052 2989 1293 3054 Sancti
1370 2989 1719 3067 Nicholai,
1797 2999 1910 3055 etc
1934 2992 1976 3070 ;’
2058 3012 2216 3075 quae
2291 2998 2486 3056 carta
2567 3011 2777 3074 penes

896 3088 1244 3155 dominum
1280 3109 1509 3172 regem
1562 3089 1841 3170 Angliae
1896 3097 1967 3155 et
2025 3112 2152 3155 nos
2209 3098 2520 3155 remanet
2553 3091 2776 3156 chiro*

894 3191 1192 3273 grasata.
1296 3190 1526 3254 Aliam
1599 3208 1756 3271 quae
1805 3190 2048 3272 incipit
2091 3197 2112 3226 ‘
2145 3190 2258 3255 Ad
2319 3191 2630 3254 omnium
2663 3182 2776 3255 ve-

894 3299 1115 3355 strum
1145 3290 1462 3369 notitiam
1488 3288 1808 3353 volumus
1843 3291 2200 3372 pervenire
2230 3310 2387 3354 cum
2417 3310 2510 3353 ex
2559 3291 2780 3354 forma

894 3390 1424 3469 praecedentium
1501 3394 1895 3452 nostrarum
1947 3397 2187 3471 pateat
2241 3390 2780 3471 obligationem,'

892 3487 1311 3567 subjecimus
1362 3505 1489 3549 nos
1539 3487 2006 3570 jurisdictioni
2059 3496 2334 3565 vestrae,
2399 3497 2480 3553 ut
2531 3509 2661 3553 nos
2715 3496 2782 3553 et

894 3583 1201 3648 haeredes
1264 3591 1536 3649 nostros
1609 3605 1732 3668 per
1807 3606 2172 3651 censuram
2245 3588 2778 3653 ecclesiasticam

894 3683 1175 3766 possitis
1207 3704 1543 3760 coercere,
1576 3686 1636 3749 si
1666 3705 1792 3749 nos
1813 3687 1924 3749 vel
1954 3686 2259 3752 haeredes
2293 3688 2513 3751 nostri
2549 3688 2779 3769 aliquo

894 3790 1201 3866 tempore
1256 3792 1499 3848 contra
1551 3791 1998 3850 memoratam
2057 3806 2298 3867 pacem
2368 3788 2775 3851 venerimus,

892 3883 985 3947 Et
1060 3884 1121 3947 si
1194 3902 1499 3965 unquam
1575 3884 1938 3965 contingit,
2012 3885 2199 3967 quod
2271 3904 2419 3961 nos,
2503 3887 2779 3969 quidam

887 3991 1224 4059 nostrum,
1270 4002 1507 4047 omnes
1560 3983 1672 4045 vel
1727 4002 1930 4060 unus,
1986 3986 2466 4049 contravenire
2526 3992 2778 4049 temere

886 4091 1337 4163 praesumunt,
1367 4081 1476 4146 vel
1510 4100 1927 4163 praesumere
1959 4084 2274 4146 nituntur
2307 4084 2418 4147 vel
2449 4084 2775 4159 nitentur,

883 4188 955 4243 et
998 4200 1088 4243 ex
1134 4180 1263 4244 hoc
1312 4190 1452 4244 tam
1506 4180 1865 4245 animabus
1896 4184 2152 4247 nostris
2186 4202 2394 4263 quam
2430 4183 2773 4247 haeredum
