3107 5054
802 515 1186 567 nonum-11
1236 515 1797 564 wmonmnnsis.
2133 493 2279 567 181ι

349 675 657 757 suscepit
719 674 1100 738 dominium
1173 681 1388 755 atque
1461 673 1866 737 hominium.
1972 673 2257 740 Profici-
2279 694 2326 783 ἑοῖ
2344 697 2523 784 13:3⁸

351 776 572 838 scitur
601 774 758 838 inde
787 793 946 837 cum
993 772 1426 836 exultatione
1454 792 1712 854 magna
1744 780 1815 837 et
1869 774 2150 854 gaudio,
2187 783 2257 840 et
2278 793 2425 854 byn„

347 875 422 936 in
466 873 889 946 monasterio
941 872 1181 936 Sancti
1230 869 1490 942 Albani
1539 891 1697 936 cum
1756 875 2255 954 processionali
2276 844 2516 934 fflifflssff

349 974 758 1056 suscipitur·
788 972 1072 1048 honore,
1128 979 1201 1037 et
1249 971 1500 1054 jubilo.
1605 971 1889 1036 Adeunt
1940 992 2093 1036 eam
2156 973 2252 1037 ibi

349 1073 540 1137 cives
594 1072 796 1135 multi
855 1091 945 1135 ex
1012 1071 1402 1147 Lundonia,
1474 1078 1817 1136 tractatur
1876 1071 1971 1134 ibi
2026 1091 2253 1137 sermo

350 1172 802 1236 multimodus
850 1171 936 1235 de
992 1170 1346 1234 reddenda
1396 1171 1706 1236 civitate.
1814 1170 1953 1233 His
2008 1170 2253 1235 diebus

348 1271 764 1340 horrendum
798 1270 965 1352 quid
1009 1269 1082 1332 in
1116 1269 1563 1351 wigornensi
1609 1270 1900 1352 contigit
1939 1270 2249 1347 dioecesi,

349 1371 538 1452 quod
614 1371 840 1434 relatu
914 1369 1200 1449 dignum
1263 1368 1755 1452 judicavimus.
1894 1368 2245 1451 Siquidem
2270 1399 2569 1440 flumem,

345 1477 602 1552 quarta
631 1471 802 1533 feria
831 1476 994 1533 ante
1023 1477 1342 1533 octavam
1376 1467 1827 1533 Ascensionis
1862 1468 2247 1534 Dominicae

350 1568 470 1654 [11
509 1569 742 1657 Μαίη,
777 1569 966 1634 circa
997 1587 1248 1633 nonam
1299 1568 1436 1631 diei
1481 1567 1747 1645 horam,
1787 1568 1969 1649 apud
2008 1568 2245 1633 villam

346 1689 508 1752 quae
531 1669 1002 1739 Walesburna
1046 1667 1322 1743 dicitur,
1370 1667 1641 1732 distans
1692 1669 1781 1731 ab
1834 1667 2242 1744 Hamtonia‚

347 1769 656 1851 episcopi
686 1767 1166 1848 wigornensis
1203 1766 1392 1842 villa,
1445 1767 1742 1840 miliario
1786 1786 1950 1843 uno,
1992 1776 2245 1831 ventus

346 1869 644 1932 turbinis
670 1867 1038 1931 vehemens
1056 1875 1346 1930 exortus
1367 1876 1497 1942 est,
1522 1874 1593 1930 et
1613 1867 1843 1946 caligo
1864 1866 2245 1943 teterrima,

348 1969 750 2050 pertingens
785 1987 830 2032 a
859 1973 1048 2030 terra
1071 1985 1294 2048 usque
1323 1966 1412 2028 ad
1443 1965 1721 2040 coelum,
1742 1972 1815 2028 et
1844 1966 2245 2028 concutiens

347 2067 630 2130 domum
691 2066 1098 2149 presbyteri,
1172 2065 1286 2129 cui
1349 2084 1599 2129 nomen
1676 2064 2098 2140 Leovredus,
2174 2072 2247 2128 et

345 2165 656 2230 officinas
715 2165 890 2249 ejus,
955 2183 1192 2229 omnes
1257 2165 1408 2228 solo
1470 2172 1674 2228 tenus
1732 2165 2116 2245 prostravit
2174 2171 2245 2228 et

346 2266 741 2331 minutatim
813 2264 1178 2346 confregit,
1253 2270 1512 2328 tectum
1588 2282 1863 2346 quoque
1934 2261 2245 2326 ecclesiae

347 2366 665 2443 abstulit,
697 2373 768 2429 et
805 2365 992 2429 ultra
1023 2362 1343 2429 Avonam
1388 2363 1645 2426 fiumen
1681 2361 1997 2445 projecit.
2103 2362 2245 2426 Do-

343 2485 501 2537 mus
553 2466 758 2531 etiam
803 2463 1216 2530 rusticorum
1259 2463 1402 2527 fere
1455 2479 1515 2525 ι..
1564 2461 1772 2526 simili
1815 2462 2020 2526 modo
2066 2462 2239 2547 deji-

345 2568 562 2644 ciens,
592 2566 872 2630 inutiles
901 2564 1218 2629 reddidit.
1312 2562 1605 2627 Grando
1644 2582 1923 2645 quoque
1971 2562 2060 2626 ad
2092 2581 2241 2627 ma·-

279 2722 296 2733 .
345 2666 776 2747 gnitudinem
811 2665 927 2729 ovi
977 2663 1350 2730 columbini
1393 2661 1668 2739 cecidit,
1726 2662 1927 2746 cujus
1987 2662 2241 2726 ictibus

343 2785 680 2847 percussa
721 2765 1038 2848 quaedam
1089 2763 1374 2828 foemina
1417 2762 1763 2826 occubuit.
1867 2762 2031 2826 Hoc
2063 2761 2242 2838 viso,

346 2866 470 2948 qui
507 2865 852 2931 affuerunt
879 2864 1253 2932 admodum
1285 2862 1603 2927 exterriti
1647 2861 1929 2935 fuerunt
1961 2866 2034 2925 et
2078 2879 2239 2924 con-

343 2966 630 3033 turbati.
758 2964 1204 3048 Imperatrix‚
1283 2971 1360 3027 nt
1436 2960 1915 3045 praediximus,
2001 2959 2243 3025 habito
2268 2977 2483 3018 mama.

2267 3029 2431 3068 arrives
2447 3028 2497 3067 in

343 3072 654 3135 tractatu
672 3084 827 3128 cum
855 3062 1476 3138 Lundoniensibus‚
1499 3060 1991 3126 comitantibus
2008 3079 2242 3123 secum
2268 3078 2461 3121 London.

343 3165 762 3247 praesulibus
811 3163 1050 3227 multis
1095 3170 1169 3227 et
1213 3161 1663 3244 principibus,
1712 3178 1957 3223 secura
1999 3178 2247 3241 prope..

343 3264 534 3329 ravit
565 3264 650 3328 ad
697 3265 958 3340 urbem,
1003 3270 1074 3327 et
1115 3261 1300 3344 apud
1341 3258 2045 3326 westmonasterium
2086 3277 2247 3320 cum

346 3364 843 3447 processionali
873 3362 1250 3444 suscipitur
1278 3358 1829 3433 honorificentia,
1860 3357 2091 3439 ibique
2122 3356 2249 3419 ali-

345 3464 629 3547 quantis
650 3464 892 3527 diebus
923 3462 1009 3526 de
1038 3462 1239 3544 regni
1267 3467 1460 3525 statu
1489 3457 1916 3541 dispositura
1945 3456 2243 3520 resedit:

349 3572 422 3628 et
469 3565 695 3647 primo
741 3563 1043 3646 quidem,
1091 3560 1275 3644 quod
1317 3559 1575 3635 decuit,
1624 3565 1888 3621 sanctae
1932 3556 2069 3622 Dei
2116 3556 2249 3621 Ec-

349 3662 609 3740 clesioe,
645 3664 860 3748 juxta
905 3663 1239 3726 bonorum
1276 3658 1667 3735 consilium,
1697 3656 2059 3724 consulere
2087 3676 2247 3738 pro·-

347 3764 646 3827 curavit.
770 3762 983 3826 Dedit
1054 3761 1292 3843 itaque
1355 3757 1863 3822 Lundoniensis
1933 3755 2247 3822 ecclesiae
2275 3775 2447 3821 nonen,

2274 3836 2301 3863 ι
2317 3824 2450 3863 monk
2466 3824 2514 3863 ot

350 3862 803 3945 praesulatum
867 3860 1141 3926 cuidam
1193 3858 1628 3940 Radingensi
1686 3854 2049 3929 monacho,
2101 3854 2251 3917 viro
2277 3874 2489 3972 ⁸⁰⁸3ss
2507 3922 2557 3961 Μ

347 3962 752 4037 venerabili,
788 3961 1102 4026 Roberto
1148 3959 1440 4039 nomine,
1477 3962 1823 4041 praesente
1866 3961 1939 4018 et
1962 3953 2254 4038 jubente
2276 3926 2467 4013 ῗσῗαοιι.

348 4062 728 4126 reverendo
787 4062 1042 4127 abbate
1109 4079 1240 4123 suo
1302 4056 1672 4121 Edwardo.
1792 4053 1954 4121 Hoc
2017 4055 2256 4136 itaque
2279 4071 2503 4123 Stephen’·

2308 4133 2418 4163 ueen
2434 4124 2520 4163 and

345 4169 634 4245 peracto
719 4161 856 4226 Dei
947 4160 1253 4241 negotio,
1347 4155 1821 4239 interpellavit
1908 4153 2256 4224 dominam
2279 4134 2520 4263 ilssfflss'

347 4260 740 4344 Anglorum
796 4261 1064 4343 regina,
1127 4279 1256 4341 pro
1323 4257 1601 4321 domino
1644 4274 1773 4319 suo
1816 4274 1983 4337 rege
2025 4260 2256 4336 capto,
2280 4275 2389 4313 vnn
2404 4273 2517 4313 nat.

1871 4386 1908 4421 x
1944 4377 1976 4422 2
