3107 5054
830 477 962 543 2¹74
1325 484 1824 539 CONTINUATIO
1871 485 2221 537 canonici

835 651 1088 725 missis,
1141 650 1505 713 universos
1568 654 1638 712 et
1696 647 2011 728 singulos
2045 645 2325 727 Angliae
2378 642 2732 726 praelatoS,

837 768 992 815 cum
1028 768 1158 812 suo
1197 749 1407 825 clero,
1451 763 1716 812 necnon
1760 757 1832 811 et
1882 746 2245 828 religiosos
2290 761 2525 809 omnes
2576 761 2735 824 pos-

837 849 1184 914 sessiones
1267 849 1679 923 obtinentes,
1758 846 1845 910 ad
1916 847 2145 928 ipsum
2226 845 2734 927 parlamentum

841 956 1146 1024 vocatoS‚
1213 948 1300 1011 ad
1376 946 1845 1030 praestandam
1922 946 2361 1009 medietatem
2428 942 2731 1007 omnium

840 1050 1174 1113 bonorum
1227 1065 1508 1111 suorum
1576 1045 2037 1129 spiritualium
2103 1051 2175 1108 et
2226 1041 2736 1125 temporalium,

831 1147 1044 1232 juxta
1095 1147 1528 1212 taxationem
1580 1165 1707 1229 per
1766 1145 1979 1209 denas
2028 1144 2347 1226 proximo
2416 1139 2739 1224 praehibi-

843 1259 1011 1321 tam,
1065 1246 1196 1311 sibi
1243 1246 1682 1330 patrandam,
1729 1252 1799 1309 et
1850 1244 1939 1308 ad
1991 1250 2134 1307 tres
2187 1242 2537 1318 terminos,
2580 1241 2737 1322 ipso

843 1367 1024 1411 anno
1077 1347 1393 1422 durante,
1441 1344 1868 1422 solvendam,
1922 1341 2255 1425 compulit
2303 1349 2375 1405 et
2402 1340 2741 1405 violenter

844 1446 1142 1510 induxit.
1252 1445 1473 1527 Cujus
1513 1445 1786 1527 quidem
1832 1442 2301 1526 praestationis
2339 1459 2611 1504 summa
2650 1439 2739 1502 ad

844 1540 952 1607 (TI.
1003 1545 1155 1610 libr.
1203 1544 1599 1608 excrevisse
1636 1543 1952 1608 refertur.
2058 1540 2352 1606 Nostra¹
2398 1539 2739 1623 siquidem

847 1644 1231 1726 praestatio,
1264 1642 1351 1707 ad
1399 1642 1806 1719 ne.1.v.lib.,
1853 1657 1959 1709 xl.
1990 1643 2083 1718 d.,
2128 1643 2237 1706 ob.
2278 1657 2375 1704 w.
2407 1639 2741 1704 excrevit.

522 1763 650 1809 sonu,
669 1763 760 1813 aba
781 1762 829 1802 οι
849 1741 1144 1807 Interim
1175 1743 1505 1824 magister
1539 1742 1585 1806 J
1591 1742 1895 1806 ohannes
1928 1742 2014 1806 de
2051 1740 2424 1816 Saunsord,
2470 1738 2740 1802 archie-

525 1813 699 1860 Dublin,

523 1869 693 1903 retum·
714 1863 822 1902 nom
847 1842 1176 1925 piscopus
1257 1842 1731 1918 Dublinensis,
1806 1842 1949 1924 qui,
2024 1859 2165 1905 una
2226 1860 2383 1904 cum
2460 1838 2741 1902 domino

523 1925 550 1952 a
567 1913 744 1952 missioni
761 1916 808 1952 to

522 1965 597 2003 tn·
610 1973 820 2013 emperor:
848 1941 1181 2019 Antoni0,
1262 1942 1712 2007 Dunelmensi
1784 1942 2137 2024 episcopo,
2218 1939 2511 2022 aliisque
2569 1957 2739 2001 non-

525 2361 617 2400 die·
634 2363 678 2400 nt
696 2361 800 2400 Υπ-

527 2411 694 2451 mouth.

529 2561 702 2600 sudden

527 2610 657 2650 death
675 2611 723 2648 ot

528 2660 714 2699 william
732 2659 784 2698 de

528 2710 749 2757 montfort,

527 2762 635 2799 dean
653 2760 702 2798 of
713 2761 772 2799 st.

531 2809 686 2850 Paul's.

851 2042 1058 2105 nullis
1084 2042 1272 2122 regis
1297 2039 1578 2124 Angliae
1614 2041 1955 2115 fidelibuS,
1989 2058 2117 2124 pro
2148 2039 2447 2122 negotiis
2473 2055 2745 2119 guerrae

853 2159 1023 2218 suae,
1061 2159 1290 2223 regem
1336 2140 1767 2205 Alemanniae
1802 2140 2157 2222 ipsiusque
2187 2146 2392 2203 terrae
2422 2157 2745 2220 proceres

855 2259 1006 2304 cum
1083 2248 1424 2324 apparatu
1497 2260 1642 2305 non
1718 2240 1991 2305 modico
2060 2239 2350 2316 adierat,
2414 2236 2745 2318 Angliam

851 2340 1142 2418 rediens,
1196 2349 1268 2405 et
1323 2340 1508 2422 apud
1563 2339 2014 2415 Gernemuth,
2072 2346 2228 2422 post
2269 2357 2529 2422 paucos
2572 2337 2746 2410 dieS,

853 2437 1105 2503 ibidem
1159 2440 1583 2521 defungitur.
1690 2440 1775 2503 In
1823 2439 2258 2521 pai-lamento
2311 2456 2526 2521 supra
2586 2455 2749 2518 pro-

853 2541 1046 2602 ximo
1071 2539 1333 2616 habito,
1364 2541 1695 2621 magister
1719 2539 2113 2605 Willelmus
2150 2540 2235 2603 de
2280 2538 2745 2613 Monte-forti,

852 2638 1158 2702 decanus
1193 2638 1264 2703 S.
1305 2639 1512 2703 Pauli
1560 2640 1960 2716 Londoniae,
1992 2641 2110 2721 qui
2155 2639 2416 2721 negotii
2461 2637 2745 2701 decimae

853 2739 1001 2819 regi
1091 2738 1393 2820 Angliae,
1480 2740 1550 2803 in
1652 2740 2032 2803 subsidium
2128 2739 2365 2802 Terrae
2471 2738 2749 2802 Sanctae

853 2838 1108 2901 dudum
1158 2856 1526 2915 concessae,
1579 2840 1650 2902 in
1702 2840 1893 2902 curia
1952 2840 2272 2903 Romana
2318 2844 2749 2921 procurator,

853 2945 924 3000 et
984 2936 1376 3019 praecipuus
1437 2939 1871 3018 negotiorum
1928 2940 2148 3021 ipsius
2212 2939 2395 3019 regis
2452 2939 2527 3001 in
2580 2939 2747 3001 sub-

854 3036 1234 3100 versionem
1296 3036 1639 3101 libertatis
1718 3039 2027 3102 ecclesiae
2094 3037 2503 3120 Anglicanae
2582 3056 2750 3100 exe-

855 3144 1056 3201 cutor
1088 3136 1425 3201 extiterat
1453 3143 1525 3201 et
1551 3135 1961 3219 promot01·,’1
2006 3138 2235 3201 subito
2268 3146 2339 3201 et
2368 3136 2751 3218 inopinate,

853 3236 923 3299 in
985 3244 1363 3318 conspectu
1420 3236 1641 3321 ipsius
1692 3238 1875 3319 regis
1923 3237 2193 3319 sibique
2252 3237 2751 3311 assistentium,

855 3336 1087 3399 subita
1141 3356 1514 3419 percussus
1568 3337 1907 3419 passione,
1958 3337 2297 3413 ultimum,
2361 3337 2433 3399 in
2493 3342 2749 3399 terram

925 3564 939 3593 ¹
978 3555 1209 3629 Nostra]
1265 3560 1374 3611 The
1412 3562 1581 3625 abbey
1621 3565 1680 3613 of
1706 3564 1779 3616 St.
1831 3565 2098 3615 incolumis
2156 3566 2223 3612 ad
2273 3566 2468 3614 curiam
2528 3565 2757 3627 veniens,

855 3631 1165 3683 Edmund’s.
1830 3639 1889 3684 ut
1922 3637 2059 3697 regis
2090 3634 2310 3683 animum
2355 3636 2629 3696 mitigaret,
2664 3642 2759 3684 aut

1830 3706 2008 3754 saltem
2052 3705 2155 3753 tale
2194 3706 2381 3767 jugum
2436 3706 2759 3765 importabile

920 3772 940 3801 ²
977 3772 1278 3835 Promotor]
1325 3772 1475 3821 From
1517 3772 1662 3821 other
1696 3788 1780 3822 ac·
1830 3775 2105 3836 servitutiS,
2140 3776 2275 3823 sicut
2317 3776 2479 3823 bonus
2520 3774 2754 3824 ecclesiae

853 3849 1032 3893 counts
1054 3844 1094 3892 it
1119 3842 1290 3891 would
1304 3847 1390 3891 not
1407 3854 1540 3891 seem
1566 3842 1677 3891 that
1692 3842 1777 3893 the
1828 3844 1983 3906 filius,
2037 3844 2297 3907 levigaret,
2346 3848 2399 3893 et
2442 3845 2757 3905 appropians

850 3914 981 3963 dean
995 3929 1104 3963 was
1119 3916 1394 3962 acreature
1408 3913 1466 3960 of
1479 3913 1775 3963 Edward's:
1828 3919 1944 3963 ante
1990 3928 2179 3977 regem,
2214 3919 2275 3963 ut
2314 3926 2592 3963 sermonem
2638 3930 2759 3963 con-

851 3982 1103 4031 Matthew
1115 3982 1171 4031 of
1189 3983 1544 4031 Westminster
1559 3982 1635 4047 (p.
1654 3979 1775 4047 422)
1828 3988 2049 4044 ceptum,
2065 3999 2157 4045 pro
2173 3999 2275 4045 quo
2292 3989 2515 4043 venerat,
2533 4000 2758 4045 expone-

849 4066 971 4113 says
1013 4053 1319 4114 concerning
1363 4050 1490 4113 him,
1533 4052 1777 4101 ‘Dicitur
1827 4058 1921 4113 ret,
1952 4058 2158 4115 repente
2195 4053 2348 4103 labiis
2381 4056 2757 4117 obmutescens,

847 4123 1000 4171 etiam
1024 4123 1161 4188 quod
1184 4123 1427 4185 magister
1448 4121 1775 4173 Gulihelmus
1824 4124 2021 4173 viribus
2124 4125 2349 4185 corporis
2454 4124 2755 4189 destitutus,

847 4192 912 4240 de
958 4191 1290 4252 Monte-forti,
1341 4191 1569 4241 decanus
1613 4194 1775 4242 eccle-
1824 4208 1993 4242 coram
2046 4209 2165 4256 rege
2212 4209 2473 4256 corruens,
2517 4195 2755 4255 spiritum

847 4260 938 4308 siae
974 4260 1026 4308 S.
1057 4260 1214 4309 Pauli
1254 4262 1490 4325 Londin.,
1529 4271 1685 4311 sanus
1722 4266 1773 4311 et
1794 4312 1800 4325 ,
1825 4264 2123 4313 exhalavit.’

2742 4338 2773 4359 Ο
