<?xml version="1.0" encoding="UTF-8"?>
<!DOCTYPE html PUBLIC "-//W3C//DTD XHTML 1.0 Transitional//EN"
    "http://www.w3.org/TR/xhtml1/DTD/xhtml1-transitional.dtd">
<html xmlns="http://www.w3.org/1999/xhtml" xml:lang="en" lang="en">
 <head>
  <title>
</title>
<meta http-equiv="Content-Type" content="text/html;charset=utf-8" />
  <meta name='ocr-system' content='tesseract 3.04.00' />
  <meta name='ocr-capabilities' content='ocr_page ocr_carea ocr_par ocr_line ocrx_word'/>
</head>
<body>
  <div class='ocr_page' id='page_1' title='image "./florentiiwigorn00evergoog_0105.png"; bbox 0 0 3107 5054; ppageno 0'>
   <div class='ocr_carea' id='block_1_1' title="bbox 773 487 2161 550">
    <p class='ocr_par' dir='ltr' id='par_1_1' title="bbox 773 487 2161 550">
     <span class='ocr_line' id='line_1_1' title="bbox 773 487 2161 550; baseline 0.002 -7"><span class='ocrx_word' id='word_1_1' title='bbox 773 487 862 550; x_wconf 82' lang='grc'><strong>82</strong></span> <span class='ocrx_word' id='word_1_2' title='bbox 1265 495 1765 546; x_wconf 77' lang='grc' dir='ltr'><strong>ΟΟΝἸἹΝΠΑΊἾΟ</strong></span> <span class='ocrx_word' id='word_1_3' title='bbox 1811 497 2161 547; x_wconf 69' lang='lat' dir='ltr'><strong>ermonici</strong></span> 
     </span>
    </p>
   </div>
   <div class='ocr_carea' id='block_1_2' title="bbox 767 655 2691 4320">
    <p class='ocr_par' dir='ltr' id='par_1_2' title="bbox 777 655 2687 1235">
     <span class='ocr_line' id='line_1_2' title="bbox 777 655 2683 738; baseline -0.002 -17"><span class='ocrx_word' id='word_1_4' title='bbox 777 665 924 721; x_wconf 88' lang='lat' dir='ltr'><strong>tate</strong></span> <span class='ocrx_word' id='word_1_5' title='bbox 975 656 1426 731; x_wconf 78' lang='lat' dir='ltr'><strong>decernimuS,</strong></span> <span class='ocrx_word' id='word_1_6' title='bbox 1472 661 1550 718; x_wconf 87' lang='lat' dir='ltr'><strong>ut</strong></span> <span class='ocrx_word' id='word_1_7' title='bbox 1594 657 1667 718; x_wconf 88' lang='lat' dir='ltr'><strong>in</strong></span> <span class='ocrx_word' id='word_1_8' title='bbox 1718 656 2355 720; x_wconf 86' lang='lat' dir='ltr'><strong>consecrationibus</strong></span> <span class='ocrx_word' id='word_1_9' title='bbox 2414 655 2683 738; x_wconf 89' lang='lat' dir='ltr'><strong>episco-</strong></span> 
     </span>
     <span class='ocr_line' id='line_1_3' title="bbox 779 754 2687 840; baseline -0.001 -21"><span class='ocrx_word' id='word_1_10' title='bbox 779 776 1048 840; x_wconf 90' lang='lat' dir='ltr'><strong>porum,</strong></span> <span class='ocrx_word' id='word_1_11' title='bbox 1085 756 1192 820; x_wconf 87' lang='lat' dir='ltr'><strong>vel</strong></span> <span class='ocrx_word' id='word_1_12' title='bbox 1227 755 1559 818; x_wconf 85' lang='lat' dir='ltr'><strong>abbatum</strong></span> <span class='ocrx_word' id='word_1_13' title='bbox 1590 754 2205 833; x_wconf 86' lang='lat' dir='ltr'><strong>benedictionibus,</strong></span> <span class='ocrx_word' id='word_1_14' title='bbox 2230 775 2353 819; x_wconf 88' lang='lat' dir='ltr'><strong>seu</strong></span> <span class='ocrx_word' id='word_1_15' title='bbox 2383 757 2458 819; x_wconf 89' lang='lat' dir='ltr'><strong>in</strong></span> <span class='ocrx_word' id='word_1_16' title='bbox 2494 755 2687 818; x_wconf 84' lang='lat' dir='ltr'><strong>dedi·</strong></span> 
     </span>
     <span class='ocr_line' id='line_1_4' title="bbox 782 854 2679 937; baseline -0.001 -18"><span class='ocrx_word' id='word_1_17' title='bbox 782 856 1169 920; x_wconf 86' lang='lat' dir='ltr'><strong>cationihus</strong></span> <span class='ocrx_word' id='word_1_18' title='bbox 1221 854 1689 928; x_wconf 85' lang='lat' dir='ltr'><strong>ecclesiarum,</strong></span> <span class='ocrx_word' id='word_1_19' title='bbox 1740 873 1877 918; x_wconf 89' lang='lat' dir='ltr'><strong>non</strong></span> <span class='ocrx_word' id='word_1_20' title='bbox 1922 873 2171 937; x_wconf 86' lang='lat' dir='ltr'><strong>cappa,</strong></span> <span class='ocrx_word' id='word_1_21' title='bbox 2214 875 2353 920; x_wconf 86' lang='lat' dir='ltr'><strong>non</strong></span> <span class='ocrx_word' id='word_1_22' title='bbox 2398 862 2679 937; x_wconf 85' lang='lat' dir='ltr'><strong>tapetae,</strong></span> 
     </span>
     <span class='ocr_line' id='line_1_5' title="bbox 783 953 2684 1036; baseline -0.002 -17"><span class='ocrx_word' id='word_1_23' title='bbox 783 975 922 1019; x_wconf 89' lang='lat' dir='ltr'><strong>non</strong></span> <span class='ocrx_word' id='word_1_24' title='bbox 974 953 1510 1036; x_wconf 71' lang='lat' dir='ltr'><strong>manutergium,</strong></span> <span class='ocrx_word' id='word_1_25' title='bbox 1541 973 1681 1017; x_wconf 89' lang='lat' dir='ltr'><strong>non</strong></span> <span class='ocrx_word' id='word_1_26' title='bbox 1730 954 2041 1031; x_wconf 81' lang='lat' dir='ltr'><strong>baccilia,</strong></span> <span class='ocrx_word' id='word_1_27' title='bbox 2078 962 2150 1019; x_wconf 85' lang='lat' dir='ltr'><strong>et</strong></span> <span class='ocrx_word' id='word_1_28' title='bbox 2186 955 2359 1018; x_wconf 87' lang='lat' dir='ltr'><strong>nihil</strong></span> <span class='ocrx_word' id='word_1_29' title='bbox 2404 955 2684 1018; x_wconf 88' lang='lat' dir='ltr'><strong>omnino</strong></span> 
     </span>
     <span class='ocr_line' id='line_1_6' title="bbox 784 1053 2685 1138; baseline -0.001 -21"><span class='ocrx_word' id='word_1_30' title='bbox 784 1075 909 1138; x_wconf 91' lang='lat' dir='ltr'><strong>per</strong></span> <span class='ocrx_word' id='word_1_31' title='bbox 939 1055 1360 1130; x_wconf 85' lang='lat' dir='ltr'><strong>violentiam,</strong></span> <span class='ocrx_word' id='word_1_32' title='bbox 1383 1054 1515 1116; x_wconf 90' lang='lat' dir='ltr'><strong>nisi</strong></span> <span class='ocrx_word' id='word_1_33' title='bbox 1541 1060 1791 1136; x_wconf 88' lang='lat' dir='ltr'><strong>sponte</strong></span> <span class='ocrx_word' id='word_1_34' title='bbox 1808 1054 2119 1118; x_wconf 88' lang='lat' dir='ltr'><strong>oblatum</strong></span> <span class='ocrx_word' id='word_1_35' title='bbox 2148 1053 2384 1131; x_wconf 82' lang='lat' dir='ltr'><strong>suerit,</strong></span> <span class='ocrx_word' id='word_1_36' title='bbox 2409 1055 2685 1137; x_wconf 86' lang='lat' dir='ltr'><strong>penitus</strong></span> 
     </span>
     <span class='ocr_line' id='line_1_7' title="bbox 786 1155 1132 1235; baseline -0.003 -17"><span class='ocrx_word' id='word_1_37' title='bbox 786 1155 1132 1235; x_wconf 83' lang='lat' dir='ltr'><strong>exigatur.</strong></span> 
     </span>
    </p>

    <p class='ocr_par' dir='ltr' id='par_1_3' title="bbox 785 1251 2691 1934">
     <span class='ocr_line' id='line_1_8' title="bbox 888 1251 2686 1334; baseline 0 -18"><span class='ocrx_word' id='word_1_38' title='bbox 888 1271 984 1318; x_wconf 79' lang='grc' dir='ltr'><strong>ιν.</strong></span> <span class='ocrx_word' id='word_1_39' title='bbox 1043 1251 1302 1316; x_wconf 90' lang='lat' dir='ltr'><strong>Nullus</strong></span> <span class='ocrx_word' id='word_1_40' title='bbox 1337 1251 1579 1328; x_wconf 79' lang='lat' dir='ltr'><strong>abbaS,</strong></span> <span class='ocrx_word' id='word_1_41' title='bbox 1614 1251 1848 1314; x_wconf 84' lang='lat' dir='ltr'><strong>nullus</strong></span> <span class='ocrx_word' id='word_1_42' title='bbox 1893 1253 2106 1334; x_wconf 90' lang='lat' dir='ltr'><strong>prior,</strong></span> <span class='ocrx_word' id='word_1_43' title='bbox 2140 1253 2373 1316; x_wconf 84' lang='lat' dir='ltr'><strong>nullus</strong></span> <span class='ocrx_word' id='word_1_44' title='bbox 2406 1253 2686 1316; x_wconf 87' lang='lat' dir='ltr'><strong>omnino</strong></span> 
     </span>
     <span class='ocr_line' id='line_1_9' title="bbox 785 1350 2687 1428; baseline 0 -14"><span class='ocrx_word' id='word_1_45' title='bbox 785 1353 1160 1416; x_wconf 90' lang='lat' dir='ltr'><strong>monachus</strong></span> <span class='ocrx_word' id='word_1_46' title='bbox 1203 1351 1318 1415; x_wconf 91' lang='lat' dir='ltr'><strong>vel</strong></span> <span class='ocrx_word' id='word_1_47' title='bbox 1360 1350 1678 1427; x_wconf 79' lang='lat' dir='ltr'><strong>clericuS,</strong></span> <span class='ocrx_word' id='word_1_48' title='bbox 1722 1352 2104 1425; x_wconf 81' lang='lat' dir='ltr'><strong>ecclesiam,</strong></span> <span class='ocrx_word' id='word_1_49' title='bbox 2142 1353 2291 1416; x_wconf 87' lang='lat' dir='ltr'><strong>sive</strong></span> <span class='ocrx_word' id='word_1_50' title='bbox 2324 1351 2687 1428; x_wconf 82' lang='lat' dir='ltr'><strong>decimam,</strong></span> 
     </span>
     <span class='ocr_line' id='line_1_10' title="bbox 785 1449 2684 1533; baseline -0.001 -18"><span class='ocrx_word' id='word_1_51' title='bbox 785 1471 909 1515; x_wconf 89' lang='lat' dir='ltr'><strong>seu</strong></span> <span class='ocrx_word' id='word_1_52' title='bbox 940 1451 1266 1533; x_wconf 72' lang='lat' dir='ltr'><strong>quaelibet</strong></span> <span class='ocrx_word' id='word_1_53' title='bbox 1287 1449 1623 1514; x_wconf 88' lang='lat' dir='ltr'><strong>beneficia</strong></span> <span class='ocrx_word' id='word_1_54' title='bbox 1643 1451 2139 1527; x_wconf 85' lang='lat' dir='ltr'><strong>ecclesiastica,</strong></span> <span class='ocrx_word' id='word_1_55' title='bbox 2168 1451 2255 1514; x_wconf 88' lang='lat' dir='ltr'><strong>de</strong></span> <span class='ocrx_word' id='word_1_56' title='bbox 2287 1451 2471 1516; x_wconf 90' lang='lat' dir='ltr'><strong>dono</strong></span> <span class='ocrx_word' id='word_1_57' title='bbox 2501 1451 2684 1527; x_wconf 87' lang='lat' dir='ltr'><strong>laici,</strong></span> 
     </span>
     <span class='ocr_line' id='line_1_11' title="bbox 786 1549 2686 1633; baseline 0 -20"><span class='ocrx_word' id='word_1_58' title='bbox 786 1552 934 1614; x_wconf 89' lang='lat' dir='ltr'><strong>sine</strong></span> <span class='ocrx_word' id='word_1_59' title='bbox 962 1550 1223 1633; x_wconf 91' lang='lat' dir='ltr'><strong>proprii</strong></span> <span class='ocrx_word' id='word_1_60' title='bbox 1251 1549 1558 1631; x_wconf 80' lang='lat' dir='ltr'><strong>episcopi</strong></span> <span class='ocrx_word' id='word_1_61' title='bbox 1585 1549 2001 1614; x_wconf 84' lang='lat' dir='ltr'><strong>auctoritate</strong></span> <span class='ocrx_word' id='word_1_62' title='bbox 2022 1557 2095 1614; x_wconf 83' lang='lat' dir='ltr'><strong>et</strong></span> <span class='ocrx_word' id='word_1_63' title='bbox 2126 1569 2437 1628; x_wconf 86' lang='lat' dir='ltr'><strong>assensu,</strong></span> <span class='ocrx_word' id='word_1_64' title='bbox 2468 1551 2686 1614; x_wconf 87' lang='lat' dir='ltr'><strong>susci-</strong></span> 
     </span>
     <span class='ocr_line' id='line_1_12' title="bbox 786 1648 2691 1732; baseline -0.001 -19"><span class='ocrx_word' id='word_1_65' title='bbox 786 1650 958 1732; x_wconf 86' lang='lat' dir='ltr'><strong>piat.</strong></span> <span class='ocrx_word' id='word_1_66' title='bbox 1063 1648 1269 1726; x_wconf 82' lang='lat' dir='ltr'><strong>Quod</strong></span> <span class='ocrx_word' id='word_1_67' title='bbox 1324 1650 1384 1712; x_wconf 89' lang='lat' dir='ltr'><strong>si</strong></span> <span class='ocrx_word' id='word_1_68' title='bbox 1441 1656 1940 1731; x_wconf 80' lang='lat' dir='ltr'><strong>praesumptum</strong></span> <span class='ocrx_word' id='word_1_69' title='bbox 2003 1649 2233 1727; x_wconf 79' lang='lat' dir='ltr'><strong>fuerit,</strong></span> <span class='ocrx_word' id='word_1_70' title='bbox 2298 1650 2497 1714; x_wconf 86' lang='lat' dir='ltr'><strong>irrita</strong></span> <span class='ocrx_word' id='word_1_71' title='bbox 2556 1651 2691 1713; x_wconf 84' lang='lat' dir='ltr'><strong>erit</strong></span> 
     </span>
     <span class='ocr_line' id='line_1_13' title="bbox 788 1747 2689 1832; baseline 0.001 -21"><span class='ocrx_word' id='word_1_72' title='bbox 788 1748 1071 1813; x_wconf 86' lang='lat' dir='ltr'><strong>donatio</strong></span> <span class='ocrx_word' id='word_1_73' title='bbox 1147 1747 1565 1832; x_wconf 89' lang='lat' dir='ltr'><strong>hujusmodi,</strong></span> <span class='ocrx_word' id='word_1_74' title='bbox 1644 1755 1715 1812; x_wconf 88' lang='lat' dir='ltr'><strong>et</strong></span> <span class='ocrx_word' id='word_1_75' title='bbox 1790 1750 1939 1831; x_wconf 85' lang='lat' dir='ltr'><strong>ipse</strong></span> <span class='ocrx_word' id='word_1_76' title='bbox 2010 1749 2361 1814; x_wconf 69' lang='lat' dir='ltr'><strong>canonicae</strong></span> <span class='ocrx_word' id='word_1_77' title='bbox 2438 1749 2689 1813; x_wconf 85' lang='lat' dir='ltr'><strong>ultioni</strong></span> 
     </span>
     <span class='ocr_line' id='line_1_14' title="bbox 789 1847 1200 1934; baseline 0.002 -23"><span class='ocrx_word' id='word_1_78' title='bbox 789 1847 1200 1934; x_wconf 86' lang='lat' dir='ltr'><strong>subjacebit.</strong></span> 
     </span>
    </p>

    <p class='ocr_par' dir='ltr' id='par_1_4' title="bbox 788 1947 2690 2707">
     <span class='ocr_line' id='line_1_15' title="bbox 889 1947 2687 2029; baseline 0.001 -18"><span class='ocrx_word' id='word_1_79' title='bbox 889 1965 957 2011; x_wconf 80' lang='lat' dir='ltr'><strong>v,</strong></span> <span class='ocrx_word' id='word_1_80' title='bbox 1005 1947 1365 2011; x_wconf 88' lang='lat' dir='ltr'><strong>Sancimus</strong></span> <span class='ocrx_word' id='word_1_81' title='bbox 1415 1955 1778 2028; x_wconf 87' lang='lat' dir='ltr'><strong>praeterea,</strong></span> <span class='ocrx_word' id='word_1_82' title='bbox 1826 1965 1913 2010; x_wconf 90' lang='lat' dir='ltr'><strong>ne</strong></span> <span class='ocrx_word' id='word_1_83' title='bbox 1950 1947 2107 2029; x_wconf 89' lang='lat' dir='ltr'><strong>quis</strong></span> <span class='ocrx_word' id='word_1_84' title='bbox 2153 1949 2515 2012; x_wconf 88' lang='lat' dir='ltr'><strong>ecclesiam</strong></span> <span class='ocrx_word' id='word_1_85' title='bbox 2550 1948 2687 2012; x_wconf 89' lang='lat' dir='ltr'><strong>sibi</strong></span> 
     </span>
     <span class='ocr_line' id='line_1_16' title="bbox 789 2046 2690 2128; baseline 0.002 -19"><span class='ocrx_word' id='word_1_86' title='bbox 789 2047 937 2110; x_wconf 87' lang='lat' dir='ltr'><strong>sive</strong></span> <span class='ocrx_word' id='word_1_87' title='bbox 969 2046 1406 2128; x_wconf 76' lang='lat' dir='ltr'><strong>praebendam</strong></span> <span class='ocrx_word' id='word_1_88' title='bbox 1439 2054 1732 2128; x_wconf 86' lang='lat' dir='ltr'><strong>paterna</strong></span> <span class='ocrx_word' id='word_1_89' title='bbox 1760 2046 2079 2112; x_wconf 82' lang='lat' dir='ltr'><strong>vendicet</strong></span> <span class='ocrx_word' id='word_1_90' title='bbox 2104 2047 2533 2124; x_wconf 64' lang='lat' dir='ltr'><strong>haereditate,</strong></span> <span class='ocrx_word' id='word_1_91' title='bbox 2562 2056 2690 2114; x_wconf 87' lang='lat' dir='ltr'><strong>aut</strong></span> 
     </span>
     <span class='ocr_line' id='line_1_17' title="bbox 788 2146 2690 2228; baseline 0.002 -18"><span class='ocrx_word' id='word_1_92' title='bbox 788 2164 1255 2210; x_wconf 85' lang='lat' dir='ltr'><strong>successorem</strong></span> <span class='ocrx_word' id='word_1_93' title='bbox 1287 2146 1419 2209; x_wconf 87' lang='lat' dir='ltr'><strong>sibi</strong></span> <span class='ocrx_word' id='word_1_94' title='bbox 1449 2147 1520 2208; x_wconf 89' lang='lat' dir='ltr'><strong>in</strong></span> <span class='ocrx_word' id='word_1_95' title='bbox 1551 2146 1789 2228; x_wconf 85' lang='lat' dir='ltr'><strong>aliquo</strong></span> <span class='ocrx_word' id='word_1_96' title='bbox 1816 2146 2285 2212; x_wconf 86' lang='lat' dir='ltr'><strong>ecclesiastico</strong></span> <span class='ocrx_word' id='word_1_97' title='bbox 2310 2149 2690 2213; x_wconf 85' lang='lat' dir='ltr'><strong>constituat</strong></span> 
     </span>
     <span class='ocr_line' id='line_1_18' title="bbox 789 2243 2687 2329; baseline 0.001 -19"><span class='ocrx_word' id='word_1_98' title='bbox 789 2245 1147 2310; x_wconf 88' lang='lat' dir='ltr'><strong>beneficio.</strong></span> <span class='ocrx_word' id='word_1_99' title='bbox 1252 2243 1460 2321; x_wconf 82' lang='lat' dir='ltr'><strong>Quod</strong></span> <span class='ocrx_word' id='word_1_100' title='bbox 1515 2247 1577 2309; x_wconf 89' lang='lat' dir='ltr'><strong>si</strong></span> <span class='ocrx_word' id='word_1_101' title='bbox 1625 2254 2126 2329; x_wconf 87' lang='lat' dir='ltr'><strong>praesumptum</strong></span> <span class='ocrx_word' id='word_1_102' title='bbox 2174 2245 2405 2324; x_wconf 79' lang='lat' dir='ltr'><strong>fuerit,</strong></span> <span class='ocrx_word' id='word_1_103' title='bbox 2457 2247 2687 2311; x_wconf 84' lang='lat' dir='ltr'><strong>nullas</strong></span> 
     </span>
     <span class='ocr_line' id='line_1_19' title="bbox 793 2344 2685 2428; baseline 0.001 -20"><span class='ocrx_word' id='word_1_104' title='bbox 793 2347 977 2409; x_wconf 90' lang='lat' dir='ltr'><strong>vires</strong></span> <span class='ocrx_word' id='word_1_105' title='bbox 1039 2345 1294 2408; x_wconf 87' lang='lat' dir='ltr'><strong>habere</strong></span> <span class='ocrx_word' id='word_1_106' title='bbox 1352 2345 1838 2427; x_wconf 80' lang='lat' dir='ltr'><strong>permittimus,</strong></span> <span class='ocrx_word' id='word_1_107' title='bbox 1897 2344 2204 2409; x_wconf 82' lang='lat' dir='ltr'><strong>dicentes</strong></span> <span class='ocrx_word' id='word_1_108' title='bbox 2267 2365 2425 2410; x_wconf 89' lang='lat' dir='ltr'><strong>cum</strong></span> <span class='ocrx_word' id='word_1_109' title='bbox 2498 2347 2685 2428; x_wconf 91' lang='lat' dir='ltr'><strong>psal-</strong></span> 
     </span>
     <span class='ocr_line' id='line_1_20' title="bbox 792 2444 2687 2526; baseline 0.002 -20"><span class='ocrx_word' id='word_1_110' title='bbox 792 2447 1024 2522; x_wconf 86' lang='lat' dir='ltr'><strong>mista,</strong></span> <span class='ocrx_word' id='word_1_111' title='bbox 1086 2450 1104 2478; x_wconf 91' lang='lat'>‘</span> <span class='ocrx_word' id='word_1_112' title='bbox 1130 2444 1324 2506; x_wconf 90' lang='lat' dir='ltr'><strong>Deus</strong></span> <span class='ocrx_word' id='word_1_113' title='bbox 1383 2461 1581 2506; x_wconf 90' lang='lat' dir='ltr'><strong>meus</strong></span> <span class='ocrx_word' id='word_1_114' title='bbox 1644 2463 1827 2526; x_wconf 85' lang='lat' dir='ltr'><strong>pone</strong></span> <span class='ocrx_word' id='word_1_115' title='bbox 1888 2444 2047 2509; x_wconf 90' lang='lat' dir='ltr'><strong>illos</strong></span> <span class='ocrx_word' id='word_1_116' title='bbox 2118 2453 2193 2509; x_wconf 90' lang='lat' dir='ltr'><strong>ut</strong></span> <span class='ocrx_word' id='word_1_117' title='bbox 2260 2453 2509 2522; x_wconf 86' lang='lat' dir='ltr'><strong>rotam,</strong></span> <span class='ocrx_word' id='word_1_118' title='bbox 2568 2446 2687 2523; x_wconf 88' lang='lat' dir='ltr'><strong>et‚&#39;</strong></span> 
     </span>
     <span class='ocr_line' id='line_1_21' title="bbox 791 2543 2686 2627; baseline 0.002 -19"><span class='ocrx_word' id='word_1_119' title='bbox 791 2545 976 2608; x_wconf 85' lang='lat' dir='ltr'><strong>sicut</strong></span> <span class='ocrx_word' id='word_1_120' title='bbox 1009 2543 1362 2619; x_wconf 81' lang='lat' dir='ltr'><strong>dixerunt,</strong></span> <span class='ocrx_word' id='word_1_121' title='bbox 1393 2549 1414 2578; x_wconf 90' lang='lat'>‘</span> <span class='ocrx_word' id='word_1_122' title='bbox 1439 2543 1845 2609; x_wconf 74' lang='lat' dir='ltr'><strong>haereditate</strong></span> <span class='ocrx_word' id='word_1_123' title='bbox 1878 2545 2353 2627; x_wconf 87' lang='lat' dir='ltr'><strong>possideamus</strong></span> <span class='ocrx_word' id='word_1_124' title='bbox 2404 2556 2686 2611; x_wconf 87' lang='lat' dir='ltr'><strong>sanctu-</strong></span> 
     </span>
     <span class='ocr_line' id='line_1_22' title="bbox 795 2642 1238 2707; baseline 0 0"><span class='ocrx_word' id='word_1_125' title='bbox 795 2644 1015 2707; x_wconf 84' lang='lat' dir='ltr'><strong>arium</strong></span> <span class='ocrx_word' id='word_1_126' title='bbox 1053 2642 1238 2707; x_wconf 89' lang='lat' dir='ltr'><strong>Dei.&#39;</strong></span> 
     </span>
    </p>

    <p class='ocr_par' dir='ltr' id='par_1_5' title="bbox 789 2742 2689 3321">
     <span class='ocr_line' id='line_1_23' title="bbox 894 2742 2689 2827; baseline 0.002 -22"><span class='ocrx_word' id='word_1_127' title='bbox 894 2760 987 2806; x_wconf 88' lang='lat' dir='ltr'><strong>v1.</strong></span> <span class='ocrx_word' id='word_1_128' title='bbox 1045 2742 1472 2827; x_wconf 86' lang='lat' dir='ltr'><strong>Adjicientes</strong></span> <span class='ocrx_word' id='word_1_129' title='bbox 1523 2762 1799 2826; x_wconf 92' lang='lat' dir='ltr'><strong>quoque</strong></span> <span class='ocrx_word' id='word_1_130' title='bbox 1850 2744 2247 2821; x_wconf 84' lang='lat' dir='ltr'><strong>statuimus,</strong></span> <span class='ocrx_word' id='word_1_131' title='bbox 2300 2750 2379 2807; x_wconf 85' lang='lat' dir='ltr'><strong>ut</strong></span> <span class='ocrx_word' id='word_1_132' title='bbox 2433 2744 2689 2823; x_wconf 89' lang='lat' dir='ltr'><strong>clerici,</strong></span> 
     </span>
     <span class='ocr_line' id='line_1_24' title="bbox 792 2843 2687 2923; baseline 0.001 -18"><span class='ocrx_word' id='word_1_133' title='bbox 792 2843 913 2923; x_wconf 89' lang='lat' dir='ltr'><strong>qui</strong></span> <span class='ocrx_word' id='word_1_134' title='bbox 965 2843 1294 2905; x_wconf 89' lang='lat' dir='ltr'><strong>ecclesias</strong></span> <span class='ocrx_word' id='word_1_135' title='bbox 1343 2860 1464 2905; x_wconf 90' lang='lat' dir='ltr'><strong>seu</strong></span> <span class='ocrx_word' id='word_1_136' title='bbox 1515 2844 1851 2908; x_wconf 88' lang='lat' dir='ltr'><strong>beneficia</strong></span> <span class='ocrx_word' id='word_1_137' title='bbox 1904 2844 2162 2908; x_wconf 85' lang='lat' dir='ltr'><strong>habent</strong></span> <span class='ocrx_word' id='word_1_138' title='bbox 2214 2844 2687 2922; x_wconf 88' lang='lat' dir='ltr'><strong>ecclesiarum,</strong></span> 
     </span>
     <span class='ocr_line' id='line_1_25' title="bbox 791 2941 2689 3025; baseline 0.002 -20"><span class='ocrx_word' id='word_1_139' title='bbox 791 2949 862 3005; x_wconf 87' lang='lat' dir='ltr'><strong>et</strong></span> <span class='ocrx_word' id='word_1_140' title='bbox 906 2941 1232 3018; x_wconf 86' lang='lat' dir='ltr'><strong>ordinari,</strong></span> <span class='ocrx_word' id='word_1_141' title='bbox 1278 2961 1417 3023; x_wconf 89' lang='lat' dir='ltr'><strong>quo</strong></span> <span class='ocrx_word' id='word_1_142' title='bbox 1473 2942 1757 3007; x_wconf 87' lang='lat' dir='ltr'><strong>liberius</strong></span> <span class='ocrx_word' id='word_1_143' title='bbox 1818 2943 2085 3020; x_wconf 86' lang='lat' dir='ltr'><strong>vivant,</strong></span> <span class='ocrx_word' id='word_1_144' title='bbox 2146 2944 2689 3025; x_wconf 84' lang='lat' dir='ltr'><strong>subterfugiunt,</strong></span> 
     </span>
     <span class='ocr_line' id='line_1_26' title="bbox 791 3041 2689 3123; baseline 0.001 -18"><span class='ocrx_word' id='word_1_145' title='bbox 791 3061 947 3105; x_wconf 92' lang='lat' dir='ltr'><strong>cum</strong></span> <span class='ocrx_word' id='word_1_146' title='bbox 1004 3042 1092 3104; x_wconf 83' lang='lat' dir='ltr'><strong>ab</strong></span> <span class='ocrx_word' id='word_1_147' title='bbox 1139 3041 1484 3123; x_wconf 89' lang='lat' dir='ltr'><strong>episcopis</strong></span> <span class='ocrx_word' id='word_1_148' title='bbox 1532 3042 1810 3107; x_wconf 84' lang='lat' dir='ltr'><strong>invitati</strong></span> <span class='ocrx_word' id='word_1_149' title='bbox 1853 3043 2129 3119; x_wconf 84' lang='lat' dir='ltr'><strong>fuerint,</strong></span> <span class='ocrx_word' id='word_1_150' title='bbox 2174 3044 2237 3107; x_wconf 85' lang='lat' dir='ltr'><strong>si</strong></span> <span class='ocrx_word' id='word_1_151' title='bbox 2280 3045 2369 3108; x_wconf 87' lang='lat' dir='ltr'><strong>ad</strong></span> <span class='ocrx_word' id='word_1_152' title='bbox 2412 3044 2689 3108; x_wconf 86' lang='lat' dir='ltr'><strong>ordines</strong></span> 
     </span>
     <span class='ocr_line' id='line_1_27' title="bbox 790 3141 2689 3223; baseline 0.003 -20"><span class='ocrx_word' id='word_1_153' title='bbox 790 3141 1180 3223; x_wconf 88' lang='lat' dir='ltr'><strong>promoveri</strong></span> <span class='ocrx_word' id='word_1_154' title='bbox 1211 3143 1771 3223; x_wconf 84' lang='lat' dir='ltr'><strong>contempserint,</strong></span> <span class='ocrx_word' id='word_1_155' title='bbox 1805 3143 2114 3207; x_wconf 88' lang='lat' dir='ltr'><strong>ecclesiis</strong></span> <span class='ocrx_word' id='word_1_156' title='bbox 2144 3144 2349 3207; x_wconf 85' lang='lat' dir='ltr'><strong>simul</strong></span> <span class='ocrx_word' id='word_1_157' title='bbox 2378 3151 2450 3209; x_wconf 85' lang='lat' dir='ltr'><strong>et</strong></span> <span class='ocrx_word' id='word_1_158' title='bbox 2483 3144 2689 3209; x_wconf 88' lang='lat' dir='ltr'><strong>bene-</strong></span> 
     </span>
     <span class='ocr_line' id='line_1_28' title="bbox 789 3240 1651 3321; baseline 0.006 -20"><span class='ocrx_word' id='word_1_159' title='bbox 789 3240 964 3303; x_wconf 90' lang='lat' dir='ltr'><strong>ficiis</strong></span> <span class='ocrx_word' id='word_1_160' title='bbox 999 3258 1235 3303; x_wconf 84' lang='lat' dir='ltr'><strong>earum</strong></span> <span class='ocrx_word' id='word_1_161' title='bbox 1270 3240 1651 3321; x_wconf 81' lang='lat' dir='ltr'><strong>priventur.</strong></span> 
     </span>
    </p>

    <p class='ocr_par' dir='ltr' id='par_1_6' title="bbox 789 3339 2689 3620">
     <span class='ocr_line' id='line_1_29' title="bbox 891 3339 2689 3424; baseline 0.003 -23"><span class='ocrx_word' id='word_1_162' title='bbox 891 3356 1019 3403; x_wconf 83' lang='lat' dir='ltr'><strong>vn.</strong></span> <span class='ocrx_word' id='word_1_163' title='bbox 1073 3339 1330 3403; x_wconf 91' lang='lat' dir='ltr'><strong>Nullus</strong></span> <span class='ocrx_word' id='word_1_164' title='bbox 1358 3340 1428 3402; x_wconf 88' lang='lat' dir='ltr'><strong>in</strong></span> <span class='ocrx_word' id='word_1_165' title='bbox 1457 3340 1821 3417; x_wconf 90' lang='lat' dir='ltr'><strong>decanum,</strong></span> <span class='ocrx_word' id='word_1_166' title='bbox 1847 3340 2079 3404; x_wconf 88' lang='lat' dir='ltr'><strong>nullus</strong></span> <span class='ocrx_word' id='word_1_167' title='bbox 2112 3342 2185 3404; x_wconf 92' lang='lat' dir='ltr'><strong>in</strong></span> <span class='ocrx_word' id='word_1_168' title='bbox 2201 3341 2525 3424; x_wconf 88' lang='lat' dir='ltr'><strong>priorem,</strong></span> <span class='ocrx_word' id='word_1_169' title='bbox 2556 3342 2689 3406; x_wconf 90' lang='lat' dir='ltr'><strong>nisi</strong></span> 
     </span>
     <span class='ocr_line' id='line_1_30' title="bbox 789 3438 2687 3521; baseline 0.002 -20"><span class='ocrx_word' id='word_1_170' title='bbox 789 3440 1190 3521; x_wconf 57' lang='lat' dir='ltr'><strong>presbyten</strong></span> <span class='ocrx_word' id='word_1_171' title='bbox 1221 3438 1455 3502; x_wconf 88' lang='lat' dir='ltr'><strong>nullus</strong></span> <span class='ocrx_word' id='word_1_172' title='bbox 1475 3440 1546 3501; x_wconf 90' lang='lat' dir='ltr'><strong>in</strong></span> <span class='ocrx_word' id='word_1_173' title='bbox 1582 3439 2319 3518; x_wconf 84' lang='lat' dir='ltr'><strong>archidiaconum,nisi</strong></span> <span class='ocrx_word' id='word_1_174' title='bbox 2353 3441 2687 3507; x_wconf 86' lang='lat' dir='ltr'><strong>diaconus</strong></span> 
     </span>
     <span class='ocr_line' id='line_1_31' title="bbox 789 3544 1300 3620; baseline 0.002 -20"><span class='ocrx_word' id='word_1_175' title='bbox 789 3544 1300 3620; x_wconf 85' lang='lat' dir='ltr'><strong>promoveatur.</strong></span> 
     </span>
    </p>

    <p class='ocr_par' dir='ltr' id='par_1_7' title="bbox 788 3634 2690 4016">
     <span class='ocr_line' id='line_1_32' title="bbox 891 3634 2686 3721; baseline 0.004 -23"><span class='ocrx_word' id='word_1_176' title='bbox 891 3652 1048 3700; x_wconf 79' lang='lat' dir='ltr'><strong>vlu.</strong></span> <span class='ocrx_word' id='word_1_177' title='bbox 1098 3634 1356 3700; x_wconf 84' lang='lat' dir='ltr'><strong>Nullus</strong></span> <span class='ocrx_word' id='word_1_178' title='bbox 1387 3636 1458 3699; x_wconf 89' lang='lat' dir='ltr'><strong>in</strong></span> <span class='ocrx_word' id='word_1_179' title='bbox 1510 3638 2016 3721; x_wconf 86' lang='lat' dir='ltr'><strong>presbyterum,</strong></span> <span class='ocrx_word' id='word_1_180' title='bbox 2061 3638 2296 3703; x_wconf 89' lang='lat' dir='ltr'><strong>nullus</strong></span> <span class='ocrx_word' id='word_1_181' title='bbox 2340 3640 2413 3703; x_wconf 90' lang='lat' dir='ltr'><strong>in</strong></span> <span class='ocrx_word' id='word_1_182' title='bbox 2462 3642 2686 3706; x_wconf 85' lang='lat' dir='ltr'><strong>diaco-</strong></span> 
     </span>
     <span class='ocr_line' id='line_1_33' title="bbox 789 3736 2690 3819; baseline 0.004 -22"><span class='ocrx_word' id='word_1_183' title='bbox 789 3756 980 3813; x_wconf 86' lang='lat' dir='ltr'><strong>num,</strong></span> <span class='ocrx_word' id='word_1_184' title='bbox 1046 3736 1179 3799; x_wconf 88' lang='lat' dir='ltr'><strong>nisi</strong></span> <span class='ocrx_word' id='word_1_185' title='bbox 1247 3736 1334 3799; x_wconf 90' lang='lat' dir='ltr'><strong>ad</strong></span> <span class='ocrx_word' id='word_1_186' title='bbox 1400 3743 1664 3801; x_wconf 82' lang='lat' dir='ltr'><strong>certum</strong></span> <span class='ocrx_word' id='word_1_187' title='bbox 1731 3737 2009 3801; x_wconf 84' lang='lat' dir='ltr'><strong>titulum</strong></span> <span class='ocrx_word' id='word_1_188' title='bbox 2070 3738 2441 3805; x_wconf 89' lang='lat' dir='ltr'><strong>ordinetur.</strong></span> <span class='ocrx_word' id='word_1_189' title='bbox 2548 3740 2690 3819; x_wconf 85' lang='lat' dir='ltr'><strong>Qui</strong></span> 
     </span>
     <span class='ocr_line' id='line_1_34' title="bbox 789 3835 2687 3921; baseline 0.003 -22"><span class='ocrx_word' id='word_1_190' title='bbox 789 3854 954 3899; x_wconf 90' lang='lat' dir='ltr'><strong>vero</strong></span> <span class='ocrx_word' id='word_1_191' title='bbox 1025 3835 1340 3900; x_wconf 88' lang='lat' dir='ltr'><strong>absolute</strong></span> <span class='ocrx_word' id='word_1_192' title='bbox 1405 3836 1617 3900; x_wconf 85' lang='lat' dir='ltr'><strong>fuerit</strong></span> <span class='ocrx_word' id='word_1_193' title='bbox 1678 3836 2041 3900; x_wconf 87' lang='lat' dir='ltr'><strong>ordinatus</strong></span> <span class='ocrx_word' id='word_1_194' title='bbox 2104 3846 2385 3921; x_wconf 86' lang='lat' dir='ltr'><strong>sumpta</strong></span> <span class='ocrx_word' id='word_1_195' title='bbox 2452 3848 2687 3905; x_wconf 86' lang='lat' dir='ltr'><strong>careat</strong></span> 
     </span>
     <span class='ocr_line' id='line_1_35' title="bbox 788 3935 1148 4016; baseline 0.006 -18"><span class='ocrx_word' id='word_1_196' title='bbox 788 3935 1148 4016; x_wconf 85' lang='lat' dir='ltr'><strong>dignitate.</strong></span> 
     </span>
    </p>

    <p class='ocr_par' dir='ltr' id='par_1_8' title="bbox 767 4034 2691 4320">
     <span class='ocr_line' id='line_1_36' title="bbox 889 4034 2689 4113; baseline 0.002 -16"><span class='ocrx_word' id='word_1_197' title='bbox 889 4052 996 4098; x_wconf 83' lang='lat' dir='ltr'><strong>lx.</strong></span> <span class='ocrx_word' id='word_1_198' title='bbox 1046 4034 1306 4099; x_wconf 86' lang='lat' dir='ltr'><strong>Nullus</strong></span> <span class='ocrx_word' id='word_1_199' title='bbox 1357 4035 1600 4113; x_wconf 87' lang='lat' dir='ltr'><strong>abbas,</strong></span> <span class='ocrx_word' id='word_1_200' title='bbox 1650 4034 1883 4098; x_wconf 86' lang='lat' dir='ltr'><strong>nullus</strong></span> <span class='ocrx_word' id='word_1_201' title='bbox 1932 4035 2216 4106; x_wconf 84' lang='lat' dir='ltr'><strong>omnino</strong></span> <span class='ocrx_word' id='word_1_202' title='bbox 2250 4037 2541 4101; x_wconf 87' lang='lat' dir='ltr'><strong>clericus</strong></span> <span class='ocrx_word' id='word_1_203' title='bbox 2578 4039 2689 4102; x_wconf 87' lang='lat' dir='ltr'><strong>vel</strong></span> 
     </span>
     <span class='ocr_line' id='line_1_37' title="bbox 767 4134 2691 4217; baseline 0.002 -20"><span class='ocrx_word' id='word_1_204' title='bbox 767 4134 1030 4211; x_wconf 78' lang='lat' dir='ltr'><strong>‘laicuS,</strong></span> <span class='ocrx_word' id='word_1_205' title='bbox 1066 4152 1458 4217; x_wconf 89' lang='lat' dir='ltr'><strong>quenquam</strong></span> <span class='ocrx_word' id='word_1_206' title='bbox 1508 4154 1633 4217; x_wconf 92' lang='lat' dir='ltr'><strong>per</strong></span> <span class='ocrx_word' id='word_1_207' title='bbox 1677 4134 2037 4199; x_wconf 87' lang='lat' dir='ltr'><strong>ecclesiam</strong></span> <span class='ocrx_word' id='word_1_208' title='bbox 2083 4136 2153 4199; x_wconf 90' lang='lat' dir='ltr'><strong>in</strong></span> <span class='ocrx_word' id='word_1_209' title='bbox 2187 4137 2481 4201; x_wconf 87' lang='lat' dir='ltr'><strong>ecclesia</strong></span> <span class='ocrx_word' id='word_1_210' title='bbox 2508 4137 2691 4201; x_wconf 92' lang='lat' dir='ltr'><strong>ordi-</strong></span> 
     </span>
     <span class='ocr_line' id='line_1_38' title="bbox 787 4233 2691 4320; baseline 0.004 -25"><span class='ocrx_word' id='word_1_211' title='bbox 787 4241 1050 4310; x_wconf 84' lang='lat' dir='ltr'><strong>natum,</strong></span> <span class='ocrx_word' id='word_1_212' title='bbox 1077 4234 1339 4315; x_wconf 90' lang='lat' dir='ltr'><strong>absque</strong></span> <span class='ocrx_word' id='word_1_213' title='bbox 1367 4236 1629 4316; x_wconf 87' lang='lat' dir='ltr'><strong>proprii</strong></span> <span class='ocrx_word' id='word_1_214' title='bbox 1658 4234 1964 4316; x_wconf 85' lang='lat' dir='ltr'><strong>episcopi</strong></span> <span class='ocrx_word' id='word_1_215' title='bbox 1989 4233 2279 4319; x_wconf 89' lang='lat' dir='ltr'><strong>judicio,</strong></span> <span class='ocrx_word' id='word_1_216' title='bbox 2310 4244 2691 4320; x_wconf 70' lang='lat' dir='ltr'><strong>praesumat</strong></span> 
     </span>
    </p>
   </div>
  </div>
 </body>
</html>
