3107 5054
846 414 982 481 226
1348 428 1850 481 οοιιτιιωᾼτιο
1893 428 2249 480 canonici

852 589 973 671 qui
1010 586 1387 653 Londoniae
1418 604 1572 651 vm.
1597 586 1888 652 millium
1917 606 2306 652 marcarum
2341 587 2546 653 modo
2577 608 2770 671 prae-

852 688 1041 753 dicto
1058 688 1244 770 cepit
1268 688 1868 753 contributionem.
1937 687 2265 753 Visitatis
2287 687 2504 770 igitur
2532 689 2770 771 primo

851 788 941 853 de
968 785 1447 851 Gernemutha
1479 794 1552 851 et
1584 786 1672 851 de
1703 786 2032 853 Norwico
2063 787 2305 869 burgis
2335 796 2405 853 et
2452 788 2764 869 burgen-

854 888 1069 963 sibuS,
1100 888 1543 971 acceptisque
1591 906 1636 949 a
1671 885 2148 951 Gernemutha
2191 904 2264 951 ιι.
2301 888 2580 965 mai-cie,
2613 895 2689 951 et
2721 908 2772 952 a

857 987 1185 1053 Norwico
1218 986 1410 1051 libris
1438 986 1863 1069 quingenti&
1881 984 2160 1051 tandem
2194 988 2383 1070 apud
2418 987 2764 1052 Sanctum

857 1086 1338 1153 Eadmundum
1367 1085 1768 1164 declinavit,
1803 1085 1922 1151 ubi
1950 1087 2406 1169 burgensibus
2435 1087 2524 1150 ad
2561 1086 2766 1169 quin-

855 1194 1103 1269 gentas
1145 1204 1415 1253 marcas
1460 1186 1748 1261 taxatiS,
1781 1186 2236 1251 servientium
2277 1186 2500 1269 ipsius
2543 1187 2766 1251 curiae

856 1286 1349 1353 monachorum
1380 1284 1838 1361 taxationem,
1867 1291 1946 1349 ut
1978 1304 2024 1349 a
2049 1286 2534 1367 burgensibuS‚
2569 1286 2764 1369 quod

856 1404 1209 1468 nunquam
1299 1385 1638 1449 hactenus
1711 1384 2138 1466 contigerat,
2185 1385 2466 1450 minime
2548 1392 2762 1450 taxa-

858 1492 1117 1560 rentur,
1174 1484 1487 1569 ejusdem
1550 1484 1688 1549 loci
1739 1484 1953 1567 priori
2001 1485 2348 1551 commisit
2375 1505 2396 1565 3
2460 1503 2760 1568 quorum

856 1584 1131 1650 taxatio
1159 1584 1248 1648 ad
1280 1602 1622 1648 summam
1657 1600 1871 1648 xxvl.
1906 1603 2120 1650 marc.
2163 1584 2488 1650 accrevit.
2579 1584 2760 1649 Fra-

855 1686 1149 1749 ternitas
1184 1684 1395 1749 etiam
1439 1677 1834 1747 Duodenae¹
1865 1684 2054 1748 villae
2095 1683 2168 1751 S.
2202 1684 2594 1749 Eadmundi
2631 1704 2765 1767 per

858 1783 1149 1848 eundem
1206 1783 1503 1867 priorem
1551 1783 1644 1847 ad
1703 1799 1841 1847 ΧΠ.
1895 1801 2112 1848 marc.
2154 1783 2290 1848 fuit
2344 1790 2620 1861 taxata,
2669 1785 2764 1847 ab

856 1885 1107 1948 abbate
1139 1902 1308 1948 vero
1348 1892 1419 1948 et
1456 1889 1804 1947 conventu
1842 1882 1918 1947 S.
1947 1882 2336 1949 Eadmundi
2375 1901 2440 1947 c.
2485 1903 2762 1948 marcas

718 2020 731 2042 .
856 1984 989 2048 sub
1046 1982 1285 2047 eodem
1348 1981 1650 2047 extorsit
1706 1982 1962 2049 colore.
2095 1983 2386 2047 Interim
2438 1982 2759 2061 Alienor,

748 2120 763 2142 .
855 2082 1002 2149 filia
1057 2082 1315 2147 domini
1371 2082 1694 2165 Symonis
1743 2081 1830 2147 de
1883 2081 2346 2160 Monte—forti,
2405 2082 2761 2165 quondam

854 2181 1125 2247 comitis
1154 2180 1570 2257 Leicestriae,
1593 2188 1812 2263 nupta
1837 2180 2210 2258 Lewelino,
2240 2182 2538 2265 principi
2561 2181 2760 2247 Wal-

854 2281 991 2359 liae,
1056 2281 1269 2345 filiam
1351 2280 1685 2364 pariendo
1761 2281 2236 2364 superstitem,
2296 2281 2757 2348 Wencianam

856 2380 1154 2458 nomine,
1189 2379 1303 2444 die
1355 2380 1481 2447 SS.
1511 2377 1836 2446 Gervasii
1880 2387 1952 2445 et
2011 2380 2316 2446 Protasii
2373 2381 2494 2464 [19
2521 2381 2568 2446 J
2575 2382 2756 2462 un]

858 2479 1037 2545 diem
1094 2479 1345 2545 clausit
1412 2484 1825 2558 extremum,
1887 2480 2302 2564 sepultaque
2384 2488 2493 2546 est
2567 2482 2758 2565 apud

862 2576 1328 2657 ΙΑιιιιᾱιιιεειιϊει,ς
1392 2579 1465 2643 in
1550 2580 1758 2645 domo
1819 2580 2112 2645 flatrum
2174 2581 2535 2647 minorum.
2668 2581 2758 2646 In

858 2679 1308 2763 expeditione
1337 2679 1553 2761 igitur
1580 2679 2008 2763 supradicta,
2047 2700 2174 2744 rex
2213 2681 2402 2764 cepit
2441 2701 2569 2763 pro
2609 2680 2756 2745 sin-

858 2780 1043 2860 gulis
1065 2779 1367 2844 servitiis
1399 2778 1816 2844 militaribus
1863 2795 1932 2845 1..
1968 2798 2205 2855 marc.;
2255 2781 2488 2845 mitius
2523 2787 2758 2846 tamen

857 2896 1013 2942 cum
1058 2878 1311 2942 abbate
1355 2878 1427 2945 S.
1460 2877 1851 2944 Eadmundi
1888 2879 2184 2959 agendo,
2236 2897 2389 2945 ccc,
2437 2880 2610 2945 libr.
2630 2899 2756 2963 pro

858 2975 1145 3041 servitio
1207 2994 1338 3041 suo
1396 2978 1588 3060 cepit
1649 2978 1736 3042 ab
1795 2978 2066 3044 eodem.
2191 2979 2280 3044 In
2340 2979 2479 3045 ista
2541 2981 2754 3045 etiam

858 3075 1323 3160 expeditione,
1349 3076 1772 3155 willelmus,
1803 3077 1985 3143 filius
2037 3084 2109 3143 et
2157 3079 2378 3144 haeres
2418 3079 2756 3145 Willelmi

857 3177 943 3242 de
996 3176 1365 3255 Valencia,
1420 3183 1492 3241 et
1542 3176 1826 3260 quidam
1881 3178 2002 3242 alii
2054 3197 2212 3243 cum
2261 3199 2344 3244 eo
2397 3179 2472 3242 in
2525 3180 2756 3246 West-

859 3275 1145 3354 Wallia,
1176 3275 1437 3342 domini
1470 3275 1704 3341 Lucas
1731 3276 1820 3342 de
1849 3277 2078 3360 Tany,
2114 3278 2440 3362 Rogerus
2470 3280 2556 3344 de
2593 3279 2758 3343 Clis-

858 3376 1011 3440 sord
1055 3376 1321 3459 junior,
1362 3377 1760 3441 Willelmus
1821 3375 1908 3442 de
1955 3376 2324 3462 Lindseye,
2358 3378 2755 3486 Willelmus

924 3553 944 3586 ¹
976 3556 1242 3607 Duodenoe.
1246 3553 1269 3626 ]
1291 3558 1540 3608 Tbiswas
1555 3558 1640 3610 the
1655 3559 1782 3610 Gild
1831 3575 1864 3610 a
1897 3561 2102 3611 smaller
2133 3564 2260 3626 aize,
2292 3564 2420 3614 with
2451 3564 2538 3614 the
2573 3565 2759 3629 legend

853 3625 913 3676 of
919 3625 1003 3676 the
1018 3627 1339 3678 Translation
1354 3627 1413 3678 of
1422 3628 1498 3679 St.
1512 3629 1780 3692 Nicholas,
1831 3629 2200 3682 Οοκοιιιιοᾼοιο
2255 3633 2500 3683 Βυοιιιι..
2511 3634 2602 3684 ..It
2647 3635 2758 3686 w'as

853 3697 1091 3760 vulgarly
1134 3697 1302 3748 called
1358 3699 1444 3749 the
1497 3697 1656 3750 Gilde
1711 3699 1778 3749 de
1827 3699 2099 3751 otherwise
2131 3702 2300 3752 called
2343 3703 2619 3766 Duegilde,
2654 3707 2756 3754 and

852 3768 1049 3820 Dusae.
1117 3769 1169 3817 A
1200 3768 1381 3819 leaden
1411 3769 1574 3831 bulla,
1606 3770 1661 3817 in
1693 3767 1778 3819 the
1827 3771 2301 3822 wacholdenintbe
2313 3773 2508 3836 college
2524 3780 2580 3823 at
2593 3775 2759 3838 Bury.

852 3838 1141 3900 possession
1161 3837 1221 3888 of
1234 3839 1319 3888 the
1342 3840 1467 3889 Rev.
1483 3839 1557 3888 H.
1576 3839 1777 3888 Hasted
1827 3839 1923 3889 See
1979 3841 2204 3904 'l'ymms'
2205 3857 2231 3891 s
2290 3843 2506 3904 History
2561 3845 2622 3893 of
2679 3847 2758 3898 St.

852 3908 913 3957 of
939 3909 1083 3970 Bury
1106 3909 1182 3959 St.
1206 3909 1460 3958 Edmund'
1462 3923 1507 3969 s,
1540 3909 1690 3958 bears
1711 3923 1776 3958 on
1827 3909 2024 3972 Mary’s
2046 3911 2273 3976 Church,
2293 3927 2382 3974 pp.
2411 3915 2600 3964 62-67.

850 3977 937 4028 the
959 3980 1169 4030 obverse
1188 3993 1224 4028 a
1244 3979 1426 4028 miti-ed
1454 3977 1572 4028 half
1596 3979 1776 4042 figure,

850 4048 951 4098 and
973 4048 1058 4098 the
1090 4049 1273 4112 legend
1307 4048 1561 4098 Siculam
1586 4048 1772 4099 (3121)AE
1893 4046 1915 4076 ⁸
1945 4049 2280 4116 Landmairo.]
2315 4052 2578 4115 Probably
2603 4053 2758 4104 Llan-

848 4117 938 4166 Sc1
962 4117 1208 4180 Numen„
1227 4117 1329 4167 and
1360 4133 1424 4167 on
1456 4118 1540 4167 the
1563 4120 1772 4168 obverse
1822 4117 1951 4181 vals,
1993 4135 2028 4168 a
2071 4119 2231 4170 house
2277 4120 2336 4171 of
2367 4121 2523 4172 friam
2567 4125 2758 4176 minore

847 4187 933 4236 the
956 4188 1103 4237 letter
1122 4189 1166 4236 T
1188 4189 1417 4238 between
1440 4189 1475 4236 S
1514 4189 1616 4237 and
1644 4189 1694 4238 N
1719 4187 1778 4238 of
1816 4203 1940 4238 near
1961 4190 2281 4241 Beaumaris.
