<?xml version="1.0" encoding="UTF-8"?>
<!DOCTYPE html PUBLIC "-//W3C//DTD XHTML 1.0 Transitional//EN"
    "http://www.w3.org/TR/xhtml1/DTD/xhtml1-transitional.dtd">
<html xmlns="http://www.w3.org/1999/xhtml" xml:lang="en" lang="en">
 <head>
  <title>
</title>
<meta http-equiv="Content-Type" content="text/html;charset=utf-8" />
  <meta name='ocr-system' content='tesseract 3.04.00' />
  <meta name='ocr-capabilities' content='ocr_page ocr_carea ocr_par ocr_line ocrx_word'/>
</head>
<body>
  <div class='ocr_page' id='page_1' title='image "./florentiiwigorn00evergoog_0028.png"; bbox 0 0 3107 5054; ppageno 0'>
   <div class='ocr_carea' id='block_1_1' title="bbox 814 493 2258 558">
    <p class='ocr_par' dir='ltr' id='par_1_1' title="bbox 814 493 2258 558">
     <span class='ocr_line' id='line_1_1' title="bbox 814 493 2258 558; baseline -0.001 -1"><span class='ocrx_word' id='word_1_1' title='bbox 814 508 1201 557; x_wconf 70' lang='lat' dir='ltr'><strong>rmum-rm</strong></span> <span class='ocrx_word' id='word_1_2' title='bbox 1255 506 1821 558; x_wconf 71' lang='lat' dir='ltr'><strong>wiconmssuffls,</strong></span> <span class='ocrx_word' id='word_1_3' title='bbox 2211 493 2258 555; x_wconf 82' lang='lat'>5</span> 
     </span>
    </p>
   </div>
   <div class='ocr_carea' id='block_1_2' title="bbox 337 663 2584 2841">
    <p class='ocr_par' dir='ltr' id='par_1_2' title="bbox 345 663 2584 947">
     <span class='ocr_line' id='line_1_2' title="bbox 350 663 2581 748; baseline 0.001 -19"><span class='ocrx_word' id='word_1_4' title='bbox 350 664 583 746; x_wconf 89' lang='lat' dir='ltr'><strong>Feb.],</strong></span> <span class='ocrx_word' id='word_1_5' title='bbox 626 673 751 729; x_wconf 83' lang='lat' dir='ltr'><strong>rex</strong></span> <span class='ocrx_word' id='word_1_6' title='bbox 799 665 1199 733; x_wconf 76' lang='lat' dir='ltr'><strong>Willelmus</strong></span> <span class='ocrx_word' id='word_1_7' title='bbox 1244 665 1664 732; x_wconf 80' lang='lat' dir='ltr'><strong>monasteria</strong></span> <span class='ocrx_word' id='word_1_8' title='bbox 1708 664 1924 731; x_wconf 85' lang='lat' dir='ltr'><strong>totius</strong></span> <span class='ocrx_word' id='word_1_9' title='bbox 1976 663 2252 748; x_wconf 81' lang='lat' dir='ltr'><strong>Anglioe</strong></span> <span class='ocrx_word' id='word_1_10' title='bbox 2277 686 2490 724; x_wconf 71' lang='lat' dir='ltr'><strong>tren-ur·-</strong></span> <span class='ocrx_word' id='word_1_11' title='bbox 2506 684 2581 725; x_wconf 78' lang='lat'><strong>‹10-</strong></span> 
     </span>
     <span class='ocr_line' id='line_1_3' title="bbox 345 732 2584 848; baseline -0.002 -20"><span class='ocrx_word' id='word_1_12' title='bbox 345 764 793 847; x_wconf 88' lang='lat' dir='ltr'><strong>perscrutari,</strong></span> <span class='ocrx_word' id='word_1_13' title='bbox 849 773 921 829; x_wconf 89' lang='lat' dir='ltr'><strong>et</strong></span> <span class='ocrx_word' id='word_1_14' title='bbox 969 766 1358 847; x_wconf 88' lang='lat' dir='ltr'><strong>pecuniam,</strong></span> <span class='ocrx_word' id='word_1_15' title='bbox 1407 784 1617 848; x_wconf 89' lang='lat' dir='ltr'><strong>quam</strong></span> <span class='ocrx_word' id='word_1_16' title='bbox 1675 765 1956 831; x_wconf 87' lang='lat' dir='ltr'><strong>ditiores</strong></span> <span class='ocrx_word' id='word_1_17' title='bbox 2009 763 2250 847; x_wconf 83' lang='lat' dir='ltr'><strong>Angli,</strong></span> <span class='ocrx_word' id='word_1_18' title='bbox 2275 732 2584 825; x_wconf 52' lang='lat' dir='ltr'><strong>ffiss‘fflssgf</strong></span> 
     </span>
     <span class='ocr_line' id='line_1_4' title="bbox 346 864 2248 947; baseline 0.001 -20"><span class='ocrx_word' id='word_1_19' title='bbox 346 871 633 946; x_wconf 86' lang='lat' dir='ltr'><strong>propter</strong></span> <span class='ocrx_word' id='word_1_20' title='bbox 678 864 864 929; x_wconf 90' lang='lat' dir='ltr'><strong>illius</strong></span> <span class='ocrx_word' id='word_1_21' title='bbox 907 867 1387 930; x_wconf 78' lang='lat' dir='ltr'><strong>austeritatem</strong></span> <span class='ocrx_word' id='word_1_22' title='bbox 1420 873 1490 929; x_wconf 90' lang='lat' dir='ltr'><strong>et</strong></span> <span class='ocrx_word' id='word_1_23' title='bbox 1520 864 2146 947; x_wconf 81' lang='lat' dir='ltr'><strong>depopulationem,</strong></span> <span class='ocrx_word' id='word_1_24' title='bbox 2177 866 2248 930; x_wconf 91' lang='lat' dir='ltr'><strong>in</strong></span> 
     </span>
    </p>

    <p class='ocr_par' dir='ltr' id='par_1_3' title="bbox 343 964 2248 1048">
     <span class='ocr_line' id='line_1_5' title="bbox 343 964 2248 1048; baseline 0.002 -22"><span class='ocrx_word' id='word_1_25' title='bbox 343 964 449 1027; x_wconf 65' lang='lat' dir='ltr'><strong>&gt;eis</strong></span> <span class='ocrx_word' id='word_1_26' title='bbox 479 964 965 1046; x_wconf 82' lang='lat' dir='ltr'><strong>deposuerant,</strong></span> <span class='ocrx_word' id='word_1_27' title='bbox 999 964 1254 1029; x_wconf 82' lang='lat' dir='ltr'><strong>auferri</strong></span> <span class='ocrx_word' id='word_1_28' title='bbox 1282 971 1353 1029; x_wconf 88' lang='lat' dir='ltr'><strong>et</strong></span> <span class='ocrx_word' id='word_1_29' title='bbox 1400 965 1473 1027; x_wconf 91' lang='lat' dir='ltr'><strong>in</strong></span> <span class='ocrx_word' id='word_1_30' title='bbox 1508 966 1828 1030; x_wconf 84' lang='lat' dir='ltr'><strong>aerarium</strong></span> <span class='ocrx_word' id='word_1_31' title='bbox 1859 984 2060 1029; x_wconf 89' lang='lat' dir='ltr'><strong>suum</strong></span> <span class='ocrx_word' id='word_1_32' title='bbox 2094 964 2248 1048; x_wconf 85' lang='lat' dir='ltr'><strong>jus-</strong></span> 
     </span>
    </p>

    <p class='ocr_par' dir='ltr' id='par_1_4' title="bbox 341 1062 2562 1346">
     <span class='ocr_line' id='line_1_6' title="bbox 341 1062 2562 1145; baseline -0.001 -20"><span class='ocrx_word' id='word_1_33' title='bbox 341 1062 437 1127; x_wconf 87' lang='lat' dir='ltr'><strong>sit</strong></span> <span class='ocrx_word' id='word_1_34' title='bbox 470 1063 740 1131; x_wconf 88' lang='lat' dir='ltr'><strong>deferri.</strong></span> <span class='ocrx_word' id='word_1_35' title='bbox 799 1063 1181 1128; x_wconf 85' lang='lat' dir='ltr'><strong>Concilium</strong></span> <span class='ocrx_word' id='word_1_36' title='bbox 1209 1083 1538 1145; x_wconf 87' lang='lat' dir='ltr'><strong>magnum</strong></span> <span class='ocrx_word' id='word_1_37' title='bbox 1569 1065 1641 1127; x_wconf 91' lang='lat' dir='ltr'><strong>in</strong></span> <span class='ocrx_word' id='word_1_38' title='bbox 1669 1066 1938 1129; x_wconf 86' lang='lat' dir='ltr'><strong>octavis</strong></span> <span class='ocrx_word' id='word_1_39' title='bbox 1958 1063 2250 1129; x_wconf 82' lang='lat' dir='ltr'><strong>Paschae</strong></span> <span class='ocrx_word' id='word_1_40' title='bbox 2276 1084 2315 1123; x_wconf 78' lang='lat' dir='ltr'>A</span> <span class='ocrx_word' id='word_1_41' title='bbox 2332 1082 2497 1123; x_wconf 67' lang='lat' dir='ltr'><strong>manen</strong></span> <span class='ocrx_word' id='word_1_42' title='bbox 2516 1087 2562 1123; x_wconf 68' lang='grc' dir='ltr'><strong>ιι</strong></span> 
     </span>
     <span class='ocr_line' id='line_1_7' title="bbox 346 1134 2555 1246; baseline 0.001 -21"><span class='ocrx_word' id='word_1_43' title='bbox 346 1162 427 1245; x_wconf 88' lang='grc'><strong>[4</strong></span> <span class='ocrx_word' id='word_1_44' title='bbox 483 1160 693 1246; x_wconf 86' lang='lat' dir='ltr'><strong>Apr.]</strong></span> <span class='ocrx_word' id='word_1_45' title='bbox 752 1162 1131 1229; x_wconf 87' lang='lat' dir='ltr'><strong>Wintoniae</strong></span> <span class='ocrx_word' id='word_1_46' title='bbox 1188 1164 1610 1229; x_wconf 85' lang='lat' dir='ltr'><strong>celebratum</strong></span> <span class='ocrx_word' id='word_1_47' title='bbox 1663 1171 1792 1239; x_wconf 89' lang='lat' dir='ltr'><strong>est,</strong></span> <span class='ocrx_word' id='word_1_48' title='bbox 1835 1163 2128 1246; x_wconf 88' lang='lat' dir='ltr'><strong>jubente</strong></span> <span class='ocrx_word' id='word_1_49' title='bbox 2179 1170 2250 1229; x_wconf 89' lang='lat' dir='ltr'><strong>et</strong></span> <span class='ocrx_word' id='word_1_50' title='bbox 2277 1134 2555 1176; x_wconf 55' lang='lat' dir='ltr'><strong>wmmm‘</strong></span> 
     </span>
     <span class='ocr_line' id='line_1_8' title="bbox 347 1263 2251 1346; baseline 0.002 -22"><span class='ocrx_word' id='word_1_51' title='bbox 347 1270 691 1345; x_wconf 79' lang='lat' dir='ltr'><strong>praesente</strong></span> <span class='ocrx_word' id='word_1_52' title='bbox 721 1282 885 1346; x_wconf 82' lang='lat' dir='ltr'><strong>rege</strong></span> <span class='ocrx_word' id='word_1_53' title='bbox 916 1263 1291 1341; x_wconf 78' lang='lat' dir='ltr'><strong>willelmo,</strong></span> <span class='ocrx_word' id='word_1_54' title='bbox 1321 1263 1602 1328; x_wconf 90' lang='lat' dir='ltr'><strong>domino</strong></span> <span class='ocrx_word' id='word_1_55' title='bbox 1630 1263 2036 1329; x_wconf 83' lang='lat' dir='ltr'><strong>Alexandro</strong></span> <span class='ocrx_word' id='word_1_56' title='bbox 2065 1282 2251 1345; x_wconf 90' lang='lat' dir='ltr'><strong>papa</strong></span> 
     </span>
    </p>

    <p class='ocr_par' dir='ltr' id='par_1_5' title="bbox 346 1361 2248 1445">
     <span class='ocr_line' id='line_1_9' title="bbox 346 1361 2248 1445; baseline 0.001 -20"><span class='ocrx_word' id='word_1_57' title='bbox 346 1363 842 1440; x_wconf 85' lang='lat' dir='ltr'><strong>consentiente,</strong></span> <span class='ocrx_word' id='word_1_58' title='bbox 888 1369 959 1426; x_wconf 98' lang='lat' dir='ltr'><strong>et</strong></span> <span class='ocrx_word' id='word_1_59' title='bbox 1000 1382 1124 1445; x_wconf 89' lang='lat' dir='ltr'><strong>per</strong></span> <span class='ocrx_word' id='word_1_60' title='bbox 1165 1382 1329 1427; x_wconf 88' lang='lat' dir='ltr'><strong>suos</strong></span> <span class='ocrx_word' id='word_1_61' title='bbox 1368 1364 1644 1445; x_wconf 86' lang='lat' dir='ltr'><strong>legatos</strong></span> <span class='ocrx_word' id='word_1_62' title='bbox 1681 1361 2248 1427; x_wconf 85' lang='lat' dir='ltr'><strong>Earmenfredum</strong></span> 
     </span>
    </p>

    <p class='ocr_par' dir='ltr' id='par_1_6' title="bbox 348 1460 2248 1545">
     <span class='ocr_line' id='line_1_10' title="bbox 348 1460 2248 1545; baseline 0.001 -20"><span class='ocrx_word' id='word_1_63' title='bbox 348 1460 815 1527; x_wconf 89' lang='lat' dir='ltr'><strong>Sedunensem</strong></span> <span class='ocrx_word' id='word_1_64' title='bbox 874 1461 1332 1545; x_wconf 86' lang='lat' dir='ltr'><strong>episcopum‚¹</strong></span> <span class='ocrx_word' id='word_1_65' title='bbox 1362 1468 1434 1527; x_wconf 87' lang='lat' dir='ltr'><strong>et</strong></span> <span class='ocrx_word' id='word_1_66' title='bbox 1489 1464 1930 1545; x_wconf 86' lang='lat' dir='ltr'><strong>presbyteros</strong></span> <span class='ocrx_word' id='word_1_67' title='bbox 1985 1462 2032 1526; x_wconf 87' lang='lat' dir='ltr'><strong>J</strong></span> <span class='ocrx_word' id='word_1_68' title='bbox 2037 1460 2248 1527; x_wconf 89' lang='lat' dir='ltr'><strong>ohau-</strong></span> 
     </span>
    </p>

    <p class='ocr_par' dir='ltr' id='par_1_7' title="bbox 347 1561 2246 1644">
     <span class='ocr_line' id='line_1_11' title="bbox 347 1561 2246 1644; baseline 0.001 -21"><span class='ocrx_word' id='word_1_69' title='bbox 347 1580 505 1624; x_wconf 91' lang='lat' dir='ltr'><strong>nem</strong></span> <span class='ocrx_word' id='word_1_70' title='bbox 533 1569 605 1625; x_wconf 88' lang='lat' dir='ltr'><strong>et</strong></span> <span class='ocrx_word' id='word_1_71' title='bbox 632 1562 945 1640; x_wconf 87' lang='lat' dir='ltr'><strong>Petrum,</strong></span> <span class='ocrx_word' id='word_1_72' title='bbox 968 1562 1349 1627; x_wconf 85' lang='lat' dir='ltr'><strong>cardinales</strong></span> <span class='ocrx_word' id='word_1_73' title='bbox 1379 1562 1564 1625; x_wconf 90' lang='lat' dir='ltr'><strong>sedis</strong></span> <span class='ocrx_word' id='word_1_74' title='bbox 1597 1561 2025 1644; x_wconf 64' lang='lat' dir='ltr'><strong>apostolicae,</strong></span> <span class='ocrx_word' id='word_1_75' title='bbox 2047 1580 2246 1625; x_wconf 87' lang='lat' dir='ltr'><strong>suam</strong></span> 
     </span>
    </p>

    <p class='ocr_par' dir='ltr' id='par_1_8' title="bbox 337 1660 2577 2841">
     <span class='ocr_line' id='line_1_12' title="bbox 348 1660 2577 1745; baseline 0 -22"><span class='ocrx_word' id='word_1_76' title='bbox 348 1662 831 1725; x_wconf 89' lang='lat' dir='ltr'><strong>auctoritatem</strong></span> <span class='ocrx_word' id='word_1_77' title='bbox 898 1662 1290 1726; x_wconf 85' lang='lat' dir='ltr'><strong>exhibente.</strong></span> <span class='ocrx_word' id='word_1_78' title='bbox 1395 1661 1484 1725; x_wconf 90' lang='lat' dir='ltr'><strong>In</strong></span> <span class='ocrx_word' id='word_1_79' title='bbox 1555 1680 1694 1745; x_wconf 92' lang='lat' dir='ltr'><strong>quo</strong></span> <span class='ocrx_word' id='word_1_80' title='bbox 1757 1660 2051 1726; x_wconf 91' lang='lat' dir='ltr'><strong>concilio</strong></span> <span class='ocrx_word' id='word_1_81' title='bbox 2109 1661 2248 1727; x_wconf 88' lang='lat' dir='ltr'><strong>Sti-</strong></span> <span class='ocrx_word' id='word_1_82' title='bbox 2271 1681 2380 1730; x_wconf 71' lang='lat' dir='ltr'><strong>Abp.</strong></span> <span class='ocrx_word' id='word_1_83' title='bbox 2401 1680 2577 1733; x_wconf 68' lang='lat' dir='ltr'><strong>sugam!</strong></span> 
     </span>
     <span class='ocr_line' id='line_1_13' title="bbox 344 1732 2468 1843; baseline 0.001 -21"><span class='ocrx_word' id='word_1_84' title='bbox 344 1760 617 1840; x_wconf 86' lang='lat' dir='ltr'><strong>gandus</strong></span> <span class='ocrx_word' id='word_1_85' title='bbox 680 1762 1135 1826; x_wconf 84' lang='lat' dir='ltr'><strong>Doruberniae</strong></span> <span class='ocrx_word' id='word_1_86' title='bbox 1198 1760 1757 1843; x_wconf 87' lang='lat' dir='ltr'><strong>archiepiscopus</strong></span> <span class='ocrx_word' id='word_1_87' title='bbox 1825 1760 2247 1841; x_wconf 84' lang='lat' dir='ltr'><strong>degradatur</strong></span> <span class='ocrx_word' id='word_1_88' title='bbox 2271 1732 2468 1782; x_wconf 46' lang='lat' dir='ltr'>‘mmm‘</span> 
     </span>
     <span class='ocr_line' id='line_1_14' title="bbox 346 1860 2249 1943; baseline 0.001 -20"><span class='ocrx_word' id='word_1_89' title='bbox 346 1860 569 1923; x_wconf 87' lang='lat' dir='ltr'><strong>tribus</strong></span> <span class='ocrx_word' id='word_1_90' title='bbox 596 1880 685 1924; x_wconf 86' lang='lat' dir='ltr'><strong>ex</strong></span> <span class='ocrx_word' id='word_1_91' title='bbox 715 1862 965 1938; x_wconf 89' lang='lat' dir='ltr'><strong>causis,</strong></span> <span class='ocrx_word' id='word_1_92' title='bbox 1009 1861 1297 1938; x_wconf 89' lang='lat' dir='ltr'><strong>scilicet,</strong></span> <span class='ocrx_word' id='word_1_93' title='bbox 1330 1862 1494 1943; x_wconf 91' lang='lat' dir='ltr'><strong>quia</strong></span> <span class='ocrx_word' id='word_1_94' title='bbox 1540 1861 2017 1943; x_wconf 88' lang='lat' dir='ltr'><strong>episcopatum</strong></span> <span class='ocrx_word' id='word_1_95' title='bbox 2048 1861 2249 1925; x_wconf 89' lang='lat' dir='ltr'><strong>Win-</strong></span> 
     </span>
     <span class='ocr_line' id='line_1_15' title="bbox 348 1960 2249 2045; baseline 0.002 -23"><span class='ocrx_word' id='word_1_96' title='bbox 348 1961 559 2026; x_wconf 88' lang='lat' dir='ltr'><strong>toniae</strong></span> <span class='ocrx_word' id='word_1_97' title='bbox 590 1979 744 2023; x_wconf 90' lang='lat' dir='ltr'><strong>cum</strong></span> <span class='ocrx_word' id='word_1_98' title='bbox 777 1960 1379 2043; x_wconf 84' lang='lat' dir='ltr'><strong>archiepiscopatu</strong></span> <span class='ocrx_word' id='word_1_99' title='bbox 1413 1960 1670 2045; x_wconf 88' lang='lat' dir='ltr'><strong>injuste</strong></span> <span class='ocrx_word' id='word_1_100' title='bbox 1701 1960 2140 2043; x_wconf 88' lang='lat' dir='ltr'><strong>possidebat;</strong></span> <span class='ocrx_word' id='word_1_101' title='bbox 2177 1968 2249 2025; x_wconf 86' lang='lat' dir='ltr'><strong>et</strong></span> 
     </span>
     <span class='ocr_line' id='line_1_16' title="bbox 344 2058 2245 2142; baseline 0.001 -21"><span class='ocrx_word' id='word_1_102' title='bbox 344 2058 535 2141; x_wconf 89' lang='lat' dir='ltr'><strong>quia,</strong></span> <span class='ocrx_word' id='word_1_103' title='bbox 568 2058 842 2124; x_wconf 86' lang='lat' dir='ltr'><strong>vivente</strong></span> <span class='ocrx_word' id='word_1_104' title='bbox 886 2060 1405 2142; x_wconf 83' lang='lat' dir='ltr'><strong>archiepiscopo</strong></span> <span class='ocrx_word' id='word_1_105' title='bbox 1454 2059 1791 2135; x_wconf 87' lang='lat' dir='ltr'><strong>Roberto,</strong></span> <span class='ocrx_word' id='word_1_106' title='bbox 1834 2079 1972 2123; x_wconf 90' lang='lat' dir='ltr'><strong>non</strong></span> <span class='ocrx_word' id='word_1_107' title='bbox 2023 2059 2245 2123; x_wconf 91' lang='lat' dir='ltr'><strong>solum</strong></span> 
     </span>
     <span class='ocr_line' id='line_1_17' title="bbox 337 2155 2245 2242; baseline -0.002 -16"><span class='ocrx_word' id='word_1_108' title='bbox 337 2158 1019 2242; x_wconf 80' lang='lat' dir='ltr'><strong>archiepiscopatum</strong></span> <span class='ocrx_word' id='word_1_109' title='bbox 1052 2160 1369 2242; x_wconf 90' lang='lat' dir='ltr'><strong>sumpsit,</strong></span> <span class='ocrx_word' id='word_1_110' title='bbox 1400 2158 1520 2221; x_wconf 90' lang='lat' dir='ltr'><strong>sed</strong></span> <span class='ocrx_word' id='word_1_111' title='bbox 1566 2158 1775 2222; x_wconf 87' lang='lat' dir='ltr'><strong>etiam</strong></span> <span class='ocrx_word' id='word_1_112' title='bbox 1817 2155 1970 2241; x_wconf 67' lang='lat' dir='ltr'><strong>ejus</strong></span> <span class='ocrx_word' id='word_1_113' title='bbox 2005 2157 2245 2239; x_wconf 88' lang='lat' dir='ltr'><strong>pallio,</strong></span> 
     </span>
     <span class='ocr_line' id='line_1_18' title="bbox 341 2257 2247 2340; baseline 0.001 -19"><span class='ocrx_word' id='word_1_114' title='bbox 341 2258 531 2340; x_wconf 40' lang='lat' dir='ltr'><strong>&gt;quod</strong></span> <span class='ocrx_word' id='word_1_115' title='bbox 592 2258 1007 2323; x_wconf 82' lang='lat' dir='ltr'><strong>Cantwariae</strong></span> <span class='ocrx_word' id='word_1_116' title='bbox 1067 2260 1423 2335; x_wconf 87' lang='lat' dir='ltr'><strong>remansit,</strong></span> <span class='ocrx_word' id='word_1_117' title='bbox 1480 2258 1647 2323; x_wconf 91' lang='lat' dir='ltr'><strong>dum</strong></span> <span class='ocrx_word' id='word_1_118' title='bbox 1708 2257 1778 2321; x_wconf 83' lang='lat' dir='ltr'><strong>vi</strong></span> <span class='ocrx_word' id='word_1_119' title='bbox 1835 2257 2092 2340; x_wconf 90' lang='lat' dir='ltr'><strong>injuste</strong></span> <span class='ocrx_word' id='word_1_120' title='bbox 2158 2258 2247 2322; x_wconf 87' lang='lat' dir='ltr'><strong>ab</strong></span> 
     </span>
     <span class='ocr_line' id='line_1_19' title="bbox 345 2356 2248 2441; baseline -0.001 -19"><span class='ocrx_word' id='word_1_121' title='bbox 345 2356 611 2439; x_wconf 84' lang='lat' dir='ltr'><strong>Anglia</strong></span> <span class='ocrx_word' id='word_1_122' title='bbox 685 2358 927 2441; x_wconf 88' lang='lat' dir='ltr'><strong>pulsus</strong></span> <span class='ocrx_word' id='word_1_123' title='bbox 982 2366 1131 2435; x_wconf 89' lang='lat' dir='ltr'><strong>est,</strong></span> <span class='ocrx_word' id='word_1_124' title='bbox 1194 2359 1269 2422; x_wconf 90' lang='lat' dir='ltr'><strong>in</strong></span> <span class='ocrx_word' id='word_1_125' title='bbox 1345 2357 1716 2421; x_wconf 88' lang='lat' dir='ltr'><strong>missarum</strong></span> <span class='ocrx_word' id='word_1_126' title='bbox 1785 2356 2248 2422; x_wconf 88' lang='lat' dir='ltr'><strong>celebratione</strong></span> 
     </span>
     <span class='ocr_line' id='line_1_20' title="bbox 346 2456 2245 2541; baseline -0.001 -20"><span class='ocrx_word' id='word_1_127' title='bbox 346 2456 748 2541; x_wconf 85' lang='lat' dir='ltr'><strong>aliquandiu</strong></span> <span class='ocrx_word' id='word_1_128' title='bbox 802 2477 971 2523; x_wconf 90' lang='lat' dir='ltr'><strong>usus</strong></span> <span class='ocrx_word' id='word_1_129' title='bbox 1016 2466 1163 2539; x_wconf 90' lang='lat' dir='ltr'><strong>est;</strong></span> <span class='ocrx_word' id='word_1_130' title='bbox 1217 2465 1287 2522; x_wconf 92' lang='lat' dir='ltr'><strong>et</strong></span> <span class='ocrx_word' id='word_1_131' title='bbox 1322 2464 1483 2540; x_wconf 91' lang='lat' dir='ltr'><strong>post</strong></span> <span class='ocrx_word' id='word_1_132' title='bbox 1518 2476 1561 2520; x_wconf 91' lang='lat' dir='ltr'><strong>a</strong></span> <span class='ocrx_word' id='word_1_133' title='bbox 1598 2456 2002 2534; x_wconf 90' lang='lat' dir='ltr'><strong>Benedicto,</strong></span> <span class='ocrx_word' id='word_1_134' title='bbox 2038 2474 2245 2538; x_wconf 93' lang='lat' dir='ltr'><strong>quem</strong></span> 
     </span>
     <span class='ocr_line' id='line_1_21' title="bbox 344 2557 2246 2633; baseline 0 -11"><span class='ocrx_word' id='word_1_135' title='bbox 344 2565 595 2623; x_wconf 88' lang='lat' dir='ltr'><strong>sancta</strong></span> <span class='ocrx_word' id='word_1_136' title='bbox 669 2558 990 2624; x_wconf 86' lang='lat' dir='ltr'><strong>Romana</strong></span> <span class='ocrx_word' id='word_1_137' title='bbox 1068 2558 1361 2624; x_wconf 89' lang='lat' dir='ltr'><strong>ecclesia</strong></span> <span class='ocrx_word' id='word_1_138' title='bbox 1435 2557 2083 2633; x_wconf 82' lang='lat' dir='ltr'><strong>excommunicavit,</strong></span> <span class='ocrx_word' id='word_1_139' title='bbox 2162 2576 2246 2622; x_wconf 89' lang='lat' dir='ltr'><strong>eo</strong></span> 
     </span>
     <span class='ocr_line' id='line_1_22' title="bbox 342 2655 2247 2740; baseline 0 -20"><span class='ocrx_word' id='word_1_140' title='bbox 342 2657 532 2739; x_wconf 93' lang='lat' dir='ltr'><strong>quod</strong></span> <span class='ocrx_word' id='word_1_141' title='bbox 568 2659 874 2739; x_wconf 88' lang='lat' dir='ltr'><strong>pecuniis</strong></span> <span class='ocrx_word' id='word_1_142' title='bbox 908 2657 1139 2722; x_wconf 89' lang='lat' dir='ltr'><strong>sedem</strong></span> <span class='ocrx_word' id='word_1_143' title='bbox 1165 2657 1616 2740; x_wconf 89' lang='lat' dir='ltr'><strong>apostolicam</strong></span> <span class='ocrx_word' id='word_1_144' title='bbox 1650 2657 1930 2734; x_wconf 89' lang='lat' dir='ltr'><strong>invasit,</strong></span> <span class='ocrx_word' id='word_1_145' title='bbox 1960 2655 2247 2739; x_wconf 89' lang='lat' dir='ltr'><strong>pallium</strong></span> 
     </span>
     <span class='ocr_line' id='line_1_23' title="bbox 342 2754 2502 2841; baseline -0.003 -18"><span class='ocrx_word' id='word_1_146' title='bbox 342 2757 639 2838; x_wconf 79' lang='lat' dir='ltr'><strong>accepit.</strong></span> <span class='ocrx_word' id='word_1_147' title='bbox 741 2758 915 2841; x_wconf 91' lang='lat' dir='ltr'><strong>Ejus</strong></span> <span class='ocrx_word' id='word_1_148' title='bbox 973 2776 1249 2841; x_wconf 91' lang='lat' dir='ltr'><strong>quoque</strong></span> <span class='ocrx_word' id='word_1_149' title='bbox 1300 2756 1516 2822; x_wconf 81' lang='lat' dir='ltr'><strong>frater</strong></span> <span class='ocrx_word' id='word_1_150' title='bbox 1565 2756 1982 2839; x_wconf 84' lang='lat' dir='ltr'><strong>Agelmarus</strong></span> <span class='ocrx_word' id='word_1_151' title='bbox 2038 2754 2244 2820; x_wconf 78' lang='lat' dir='ltr'><strong>East-</strong></span> <span class='ocrx_word' id='word_1_152' title='bbox 2270 2777 2502 2828; x_wconf 72' lang='lat' dir='ltr'><strong>AEgelmaer</strong></span> 
     </span>
    </p>
   </div>
   <div class='ocr_carea' id='block_1_3' title="bbox 345 2828 2560 2940">
    <p class='ocr_par' dir='ltr' id='par_1_9' title="bbox 345 2828 2560 2940">
     <span class='ocr_line' id='line_1_24' title="bbox 345 2828 2560 2940; baseline -0.005 -18"><span class='ocrx_word' id='word_1_153' title='bbox 345 2853 737 2937; x_wconf 85' lang='lat' dir='ltr'><strong>Anglorum</strong></span> <span class='ocrx_word' id='word_1_154' title='bbox 790 2858 1155 2940; x_wconf 89' lang='lat' dir='ltr'><strong>episcopus</strong></span> <span class='ocrx_word' id='word_1_155' title='bbox 1218 2865 1325 2920; x_wconf 90' lang='lat' dir='ltr'><strong>est</strong></span> <span class='ocrx_word' id='word_1_156' title='bbox 1385 2857 1828 2938; x_wconf 77' lang='lat' dir='ltr'><strong>degradatuS.</strong></span> <span class='ocrx_word' id='word_1_157' title='bbox 1934 2854 2245 2918; x_wconf 87' lang='lat' dir='ltr'><strong>Abbates</strong></span> <span class='ocrx_word' id='word_1_158' title='bbox 2270 2828 2560 2928; x_wconf 51' lang='lat' dir='ltr'><strong>mim?</strong></span> 
     </span>
    </p>
   </div>
   <div class='ocr_carea' id='block_1_4' title="bbox 342 2930 2489 3930">
    <p class='ocr_par' dir='ltr' id='par_1_10' title="bbox 342 2930 2412 3634">
     <span class='ocr_line' id='line_1_25' title="bbox 344 2930 2412 3039; baseline -0.001 -19"><span class='ocrx_word' id='word_1_159' title='bbox 344 2956 559 3020; x_wconf 88' lang='lat' dir='ltr'><strong>etiam</strong></span> <span class='ocrx_word' id='word_1_160' title='bbox 606 2956 821 3039; x_wconf 87' lang='lat' dir='ltr'><strong>aliqui</strong></span> <span class='ocrx_word' id='word_1_161' title='bbox 880 2957 979 3020; x_wconf 91' lang='lat' dir='ltr'><strong>ibi</strong></span> <span class='ocrx_word' id='word_1_162' title='bbox 1036 2956 1398 3039; x_wconf 83' lang='lat' dir='ltr'><strong>degradati</strong></span> <span class='ocrx_word' id='word_1_163' title='bbox 1461 2965 1649 3034; x_wconf 90' lang='lat' dir='ltr'><strong>sunt,</strong></span> <span class='ocrx_word' id='word_1_164' title='bbox 1701 2973 1980 3038; x_wconf 89' lang='lat' dir='ltr'><strong>operam</strong></span> <span class='ocrx_word' id='word_1_165' title='bbox 2038 2953 2247 3018; x_wconf 90' lang='lat' dir='ltr'><strong>dante</strong></span> <span class='ocrx_word' id='word_1_166' title='bbox 2269 2930 2412 2980; x_wconf 55' lang='grc' dir='ltr'><strong>Μ·</strong></span> 
     </span>
     <span class='ocr_line' id='line_1_26' title="bbox 343 3053 2250 3138; baseline -0.001 -20"><span class='ocrx_word' id='word_1_167' title='bbox 343 3075 511 3136; x_wconf 84' lang='lat' dir='ltr'><strong>rege</strong></span> <span class='ocrx_word' id='word_1_168' title='bbox 556 3063 638 3120; x_wconf 90' lang='lat' dir='ltr'><strong>ut</strong></span> <span class='ocrx_word' id='word_1_169' title='bbox 671 3056 1116 3138; x_wconf 88' lang='lat' dir='ltr'><strong>quamplures</strong></span> <span class='ocrx_word' id='word_1_170' title='bbox 1147 3075 1239 3119; x_wconf 84' lang='lat' dir='ltr'><strong>ex</strong></span> <span class='ocrx_word' id='word_1_171' title='bbox 1270 3054 1517 3138; x_wconf 83' lang='lat' dir='ltr'><strong>Anglis</strong></span> <span class='ocrx_word' id='word_1_172' title='bbox 1562 3059 1690 3120; x_wconf 77' lang='lat' dir='ltr'><strong>s&#39;uo</strong></span> <span class='ocrx_word' id='word_1_173' title='bbox 1734 3054 1994 3118; x_wconf 86' lang='lat' dir='ltr'><strong>honore</strong></span> <span class='ocrx_word' id='word_1_174' title='bbox 2023 3053 2250 3135; x_wconf 85' lang='lat' dir='ltr'><strong>priva-</strong></span> 
     </span>
     <span class='ocr_line' id='line_1_27' title="bbox 344 3152 2279 3238; baseline 0 -22"><span class='ocrx_word' id='word_1_175' title='bbox 344 3163 607 3232; x_wconf 88' lang='lat' dir='ltr'><strong>rentur,</strong></span> <span class='ocrx_word' id='word_1_176' title='bbox 655 3155 727 3218; x_wconf 89' lang='lat' dir='ltr'><strong>in</strong></span> <span class='ocrx_word' id='word_1_177' title='bbox 780 3175 1075 3238; x_wconf 90' lang='lat' dir='ltr'><strong>quorum</strong></span> <span class='ocrx_word' id='word_1_178' title='bbox 1129 3155 1356 3218; x_wconf 91' lang='lat' dir='ltr'><strong>locum</strong></span> <span class='ocrx_word' id='word_1_179' title='bbox 1417 3175 1564 3220; x_wconf 77' lang='lat' dir='ltr'><strong>suae</strong></span> <span class='ocrx_word' id='word_1_180' title='bbox 1627 3155 1852 3236; x_wconf 83' lang='lat' dir='ltr'><strong>gentis</strong></span> <span class='ocrx_word' id='word_1_181' title='bbox 1913 3152 2279 3234; x_wconf 78' lang='lat' dir='ltr'><strong>personas</strong></span> 
     </span>
     <span class='ocr_line' id='line_1_28' title="bbox 342 3251 2247 3336; baseline -0.002 -18"><span class='ocrx_word' id='word_1_182' title='bbox 342 3254 775 3336; x_wconf 84' lang='lat' dir='ltr'><strong>subrogavit,</strong></span> <span class='ocrx_word' id='word_1_183' title='bbox 825 3257 913 3319; x_wconf 96' lang='lat' dir='ltr'><strong>ob</strong></span> <span class='ocrx_word' id='word_1_184' title='bbox 958 3254 1547 3319; x_wconf 89' lang='lat' dir='ltr'><strong>confirmationem</strong></span> <span class='ocrx_word' id='word_1_185' title='bbox 1593 3253 1856 3317; x_wconf 89' lang='lat' dir='ltr'><strong>scilicet</strong></span> <span class='ocrx_word' id='word_1_186' title='bbox 1905 3252 2014 3316; x_wconf 89' lang='lat' dir='ltr'><strong>sui</strong></span> <span class='ocrx_word' id='word_1_187' title='bbox 2062 3251 2247 3332; x_wconf 89' lang='lat' dir='ltr'><strong>quod</strong></span> 
     </span>
     <span class='ocr_line' id='line_1_29' title="bbox 345 3349 2246 3437; baseline -0.001 -21"><span class='ocrx_word' id='word_1_188' title='bbox 345 3355 613 3419; x_wconf 86' lang='lat' dir='ltr'><strong>noviter</strong></span> <span class='ocrx_word' id='word_1_189' title='bbox 642 3355 1067 3437; x_wconf 85' lang='lat' dir='ltr'><strong>adquisierat</strong></span> <span class='ocrx_word' id='word_1_190' title='bbox 1096 3355 1315 3434; x_wconf 83' lang='lat' dir='ltr'><strong>regni.</strong></span> <span class='ocrx_word' id='word_1_191' title='bbox 1394 3354 1537 3419; x_wconf 90' lang='lat' dir='ltr'><strong>Hic</strong></span> <span class='ocrx_word' id='word_1_192' title='bbox 1568 3359 1640 3416; x_wconf 91' lang='lat' dir='ltr'><strong>et</strong></span> <span class='ocrx_word' id='word_1_193' title='bbox 1672 3349 2068 3426; x_wconf 76' lang='lat' dir='ltr'><strong>nonnulloS,</strong></span> <span class='ocrx_word' id='word_1_194' title='bbox 2104 3357 2246 3414; x_wconf 89' lang='lat' dir='ltr'><strong>tam</strong></span> 
     </span>
     <span class='ocr_line' id='line_1_30' title="bbox 347 3447 2250 3536; baseline -0.003 -17"><span class='ocrx_word' id='word_1_195' title='bbox 347 3454 709 3536; x_wconf 86' lang='lat' dir='ltr'><strong>episcopos</strong></span> <span class='ocrx_word' id='word_1_196' title='bbox 779 3473 989 3536; x_wconf 89' lang='lat' dir='ltr'><strong>quam</strong></span> <span class='ocrx_word' id='word_1_197' title='bbox 1066 3455 1377 3529; x_wconf 88' lang='lat' dir='ltr'><strong>abbates,</strong></span> <span class='ocrx_word' id='word_1_198' title='bbox 1441 3471 1617 3535; x_wconf 91' lang='lat' dir='ltr'><strong>quos</strong></span> <span class='ocrx_word' id='word_1_199' title='bbox 1689 3449 1885 3514; x_wconf 89' lang='lat' dir='ltr'><strong>nulla</strong></span> <span class='ocrx_word' id='word_1_200' title='bbox 1946 3447 2250 3514; x_wconf 87' lang='lat' dir='ltr'><strong>evidenti</strong></span> 
     </span>
     <span class='ocr_line' id='line_1_31' title="bbox 346 3550 2249 3634; baseline -0.002 -18"><span class='ocrx_word' id='word_1_201' title='bbox 346 3571 562 3616; x_wconf 90' lang='lat' dir='ltr'><strong>causa</strong></span> <span class='ocrx_word' id='word_1_202' title='bbox 612 3572 746 3617; x_wconf 86' lang='lat' dir='ltr'><strong>nec</strong></span> <span class='ocrx_word' id='word_1_203' title='bbox 784 3552 1079 3618; x_wconf 89' lang='lat' dir='ltr'><strong>concilia</strong></span> <span class='ocrx_word' id='word_1_204' title='bbox 1131 3573 1257 3616; x_wconf 90' lang='lat' dir='ltr'><strong>nec</strong></span> <span class='ocrx_word' id='word_1_205' title='bbox 1298 3553 1488 3634; x_wconf 84' lang='lat' dir='ltr'><strong>leges</strong></span> <span class='ocrx_word' id='word_1_206' title='bbox 1538 3550 1755 3615; x_wconf 91' lang='lat' dir='ltr'><strong>seculi</strong></span> <span class='ocrx_word' id='word_1_207' title='bbox 1805 3550 2249 3630; x_wconf 87' lang='lat' dir='ltr'><strong>damnabant,</strong></span> 
     </span>
    </p>

    <p class='ocr_par' dir='ltr' id='par_1_11' title="bbox 348 3649 2249 3834">
     <span class='ocr_line' id='line_1_32' title="bbox 348 3649 2248 3735; baseline -0.002 -19"><span class='ocrx_word' id='word_1_208' title='bbox 348 3653 495 3716; x_wconf 86' lang='lat' dir='ltr'><strong>suis</strong></span> <span class='ocrx_word' id='word_1_209' title='bbox 543 3653 919 3716; x_wconf 87' lang='lat' dir='ltr'><strong>honoribus</strong></span> <span class='ocrx_word' id='word_1_210' title='bbox 960 3652 1287 3735; x_wconf 84' lang='lat' dir='ltr'><strong>privavit,</strong></span> <span class='ocrx_word' id='word_1_211' title='bbox 1317 3659 1389 3716; x_wconf 91' lang='lat' dir='ltr'><strong>et</strong></span> <span class='ocrx_word' id='word_1_212' title='bbox 1431 3671 1654 3733; x_wconf 90' lang='lat' dir='ltr'><strong>usque</strong></span> <span class='ocrx_word' id='word_1_213' title='bbox 1698 3651 1785 3714; x_wconf 89' lang='lat' dir='ltr'><strong>ad</strong></span> <span class='ocrx_word' id='word_1_214' title='bbox 1833 3650 2040 3712; x_wconf 90' lang='lat' dir='ltr'><strong>finem</strong></span> <span class='ocrx_word' id='word_1_215' title='bbox 2086 3649 2248 3714; x_wconf 82' lang='lat' dir='ltr'><strong>vitae</strong></span> 
     </span>
     <span class='ocr_line' id='line_1_33' title="bbox 348 3746 2249 3834; baseline -0.002 -20"><span class='ocrx_word' id='word_1_216' title='bbox 348 3752 681 3815; x_wconf 89' lang='lat' dir='ltr'><strong>custodiae</strong></span> <span class='ocrx_word' id='word_1_217' title='bbox 720 3752 1153 3834; x_wconf 90' lang='lat' dir='ltr'><strong>mancipatos</strong></span> <span class='ocrx_word' id='word_1_218' title='bbox 1183 3751 1501 3828; x_wconf 89' lang='lat' dir='ltr'><strong>detinuit,</strong></span> <span class='ocrx_word' id='word_1_219' title='bbox 1520 3749 1936 3832; x_wconf 89' lang='lat' dir='ltr'><strong>suspicione,</strong></span> <span class='ocrx_word' id='word_1_220' title='bbox 1967 3753 2046 3810; x_wconf 90' lang='lat' dir='ltr'><strong>ut</strong></span> <span class='ocrx_word' id='word_1_221' title='bbox 2073 3746 2249 3811; x_wconf 85' lang='lat' dir='ltr'><strong>dixi·</strong></span> 
     </span>
    </p>

    <p class='ocr_par' dir='ltr' id='par_1_12' title="bbox 350 3846 2489 3930">
     <span class='ocr_line' id='line_1_34' title="bbox 350 3846 2489 3930; baseline -0.004 -18"><span class='ocrx_word' id='word_1_222' title='bbox 350 3869 526 3927; x_wconf 79' lang='lat' dir='ltr'><strong>muS,</strong></span> <span class='ocrx_word' id='word_1_223' title='bbox 561 3857 833 3916; x_wconf 86' lang='lat' dir='ltr'><strong>tantum</strong></span> <span class='ocrx_word' id='word_1_224' title='bbox 865 3851 1185 3915; x_wconf 90' lang='lat' dir='ltr'><strong>inductus</strong></span> <span class='ocrx_word' id='word_1_225' title='bbox 1219 3851 1378 3914; x_wconf 87' lang='lat' dir='ltr'><strong>novi</strong></span> <span class='ocrx_word' id='word_1_226' title='bbox 1412 3850 1632 3930; x_wconf 72' lang='lat' dir='ltr'><strong>reg-ni.</strong></span> <span class='ocrx_word' id='word_1_227' title='bbox 1735 3847 1823 3911; x_wconf 90' lang='lat' dir='ltr'><strong>In</strong></span> <span class='ocrx_word' id='word_1_228' title='bbox 1852 3846 1983 3910; x_wconf 90' lang='lat' dir='ltr'><strong>hoc</strong></span> <span class='ocrx_word' id='word_1_229' title='bbox 2012 3847 2250 3928; x_wconf 90' lang='lat' dir='ltr'><strong>itaque</strong></span> <span class='ocrx_word' id='word_1_230' title='bbox 2273 3868 2489 3918; x_wconf 49' lang='lat' dir='ltr'><strong>namu.</strong></span> 
     </span>
    </p>
   </div>
   <div class='ocr_carea' id='block_1_5' title="bbox 352 3919 2578 4031">
    <p class='ocr_par' dir='ltr' id='par_1_13' title="bbox 352 3919 2578 4031">
     <span class='ocr_line' id='line_1_35' title="bbox 352 3919 2578 4031; baseline -0.002 -19"><span class='ocrx_word' id='word_1_231' title='bbox 352 3949 664 4026; x_wconf 91' lang='lat' dir='ltr'><strong>concilio,</strong></span> <span class='ocrx_word' id='word_1_232' title='bbox 704 3951 867 4014; x_wconf 91' lang='lat' dir='ltr'><strong>dum</strong></span> <span class='ocrx_word' id='word_1_233' title='bbox 918 3951 1153 4014; x_wconf 85' lang='lat' dir='ltr'><strong>caeteri</strong></span> <span class='ocrx_word' id='word_1_234' title='bbox 1207 3949 1475 4031; x_wconf 87' lang='lat' dir='ltr'><strong>trepidi,</strong></span> <span class='ocrx_word' id='word_1_235' title='bbox 1524 3952 1767 4029; x_wconf 89' lang='lat' dir='ltr'><strong>utpote</strong></span> <span class='ocrx_word' id='word_1_236' title='bbox 1810 3946 1993 4026; x_wconf 86' lang='lat' dir='ltr'><strong>regis</strong></span> <span class='ocrx_word' id='word_1_237' title='bbox 2038 3963 2254 4025; x_wconf 80' lang='lat' dir='ltr'><strong>agno·</strong></span> <span class='ocrx_word' id='word_1_238' title='bbox 2274 3919 2578 3960; x_wconf 49' lang='lat' dir='ltr'><strong>’‘mmm&#39;‘</strong></span> 
     </span>
    </p>
   </div>
   <div class='ocr_carea' id='block_1_6' title="bbox 357 4189 2255 4330">
    <p class='ocr_par' dir='ltr' id='par_1_14' title="bbox 357 4189 2255 4330">
     <span class='ocr_line' id='line_1_36' title="bbox 421 4189 2255 4261; baseline -0.004 -15"><span class='ocrx_word' id='word_1_239' title='bbox 421 4194 438 4226; x_wconf 86' lang='lat'>¹</span> <span class='ocrx_word' id='word_1_240' title='bbox 472 4197 795 4248; x_wconf 73' lang='lat' dir='ltr'><strong>Sedunensem</strong></span> <span class='ocrx_word' id='word_1_241' title='bbox 829 4196 1155 4261; x_wconf 68' lang='lat' dir='ltr'><strong>episcopum]</strong></span> <span class='ocrx_word' id='word_1_242' title='bbox 1187 4197 1382 4258; x_wconf 84' lang='lat' dir='ltr'><strong>Bishop</strong></span> <span class='ocrx_word' id='word_1_243' title='bbox 1406 4195 1462 4243; x_wconf 83' lang='lat' dir='ltr'><strong>of</strong></span> <span class='ocrx_word' id='word_1_244' title='bbox 1490 4195 1632 4256; x_wconf 89' lang='lat' dir='ltr'><strong>Sion,</strong></span> <span class='ocrx_word' id='word_1_245' title='bbox 1654 4193 1738 4242; x_wconf 86' lang='lat' dir='ltr'><strong>the</strong></span> <span class='ocrx_word' id='word_1_246' title='bbox 1761 4191 1902 4242; x_wconf 81' lang='lat' dir='ltr'><strong>chief</strong></span> <span class='ocrx_word' id='word_1_247' title='bbox 1917 4196 2053 4239; x_wconf 85' lang='lat' dir='ltr'><strong>town</strong></span> <span class='ocrx_word' id='word_1_248' title='bbox 2087 4190 2144 4237; x_wconf 84' lang='lat' dir='ltr'><strong>of</strong></span> <span class='ocrx_word' id='word_1_249' title='bbox 2169 4189 2255 4238; x_wconf 89' lang='lat' dir='ltr'><strong>the</strong></span> 
     </span>
     <span class='ocr_line' id='line_1_37' title="bbox 357 4267 1379 4330; baseline 0 -16"><span class='ocrx_word' id='word_1_250' title='bbox 357 4267 547 4316; x_wconf 75' lang='lat' dir='ltr'><strong>Valuis.</strong></span> <span class='ocrx_word' id='word_1_251' title='bbox 615 4268 711 4319; x_wconf 83' lang='lat' dir='ltr'><strong>See</strong></span> <span class='ocrx_word' id='word_1_252' title='bbox 734 4268 835 4318; x_wconf 80' lang='lat' dir='ltr'><strong>vol.</strong></span> <span class='ocrx_word' id='word_1_253' title='bbox 861 4269 897 4316; x_wconf 90' lang='lat' dir='ltr'><strong>i.</strong></span> <span class='ocrx_word' id='word_1_254' title='bbox 921 4282 975 4328; x_wconf 87' lang='lat' dir='ltr'><strong>p.</strong></span> <span class='ocrx_word' id='word_1_255' title='bbox 999 4271 1115 4330; x_wconf 79' lang='lat'><strong>220,</strong></span> <span class='ocrx_word' id='word_1_256' title='bbox 1132 4267 1231 4314; x_wconf 90' lang='lat' dir='ltr'><strong>and</strong></span> <span class='ocrx_word' id='word_1_257' title='bbox 1254 4271 1379 4314; x_wconf 73' lang='lat' dir='ltr'><strong>note.</strong></span> 
     </span>
    </p>
   </div>
  </div>
 </body>
</html>
